%YAML 1.1
%TAG !u! tag:unity3d.com,2011:
--- !u!1 &1676791645847863599
GameObject:
  m_ObjectHideFlags: 0
  m_CorrespondingSourceObject: {fileID: 0}
  m_PrefabInstance: {fileID: 0}
  m_PrefabAsset: {fileID: 0}
  serializedVersion: 6
  m_Component:
  - component: {fileID: 1676791645847863592}
  - component: {fileID: 1676791645847863593}
  - component: {fileID: 1676791645847863598}
  m_Layer: 0
  m_Name: ZoneGenerator
  m_TagString: Untagged
  m_Icon: {fileID: 0}
  m_NavMeshLayer: 0
  m_StaticEditorFlags: 0
  m_IsActive: 1
--- !u!4 &1676791645847863592
Transform:
  m_ObjectHideFlags: 0
  m_CorrespondingSourceObject: {fileID: 0}
  m_PrefabInstance: {fileID: 0}
  m_PrefabAsset: {fileID: 0}
  m_GameObject: {fileID: 1676791645847863599}
  m_LocalRotation: {x: 0, y: 0, z: 0, w: 1}
  m_LocalPosition: {x: 0, y: 0, z: 0}
  m_LocalScale: {x: 1, y: 1, z: 1}
  m_Children:
  - {fileID: 1676791645863258661}
  m_Father: {fileID: 0}
  m_RootOrder: 0
  m_LocalEulerAnglesHint: {x: 0, y: 0, z: 0}
--- !u!114 &1676791645847863593
MonoBehaviour:
  m_ObjectHideFlags: 0
  m_CorrespondingSourceObject: {fileID: 0}
  m_PrefabInstance: {fileID: 0}
  m_PrefabAsset: {fileID: 0}
  m_GameObject: {fileID: 1676791645847863599}
  m_Enabled: 1
  m_EditorHideFlags: 0
  m_Script: {fileID: 11500000, guid: 5459dec054c5138428b95e944c17c82c, type: 3}
  m_Name: 
  m_EditorClassIdentifier: 
  maxRoomGroups: 3
  minClearanceRequired: {x: 50, y: 50, z: 50}
  clearanceAreaDist: 0.4
  startingEntrance: {fileID: 0}
  roomGroupsGeneratorMode: 0
  sequentialRoomGroupsBeforeRandom: 1
  roomGroupTemplates:
  - {fileID: 1676791645952071582}
  startNewGroupAtFarthestEntrance: 1
  maxGenerationTime: 10
  autoGenerate: 1
  isDebug: 0
  OnGeneratorFinished:
    m_PersistentCalls:
      m_Calls:
      - m_Target: {fileID: 0}
        m_MethodName: DelayedHideOverlay
        m_Mode: 4
        m_Arguments:
          m_ObjectArgument: {fileID: 0}
          m_ObjectArgumentAssemblyTypeName: UnityEngine.Object, UnityEngine
          m_IntArgument: 0
          m_FloatArgument: 2
          m_StringArgument: 
          m_BoolArgument: 0
        m_CallState: 2
      - m_Target: {fileID: 0}
        m_MethodName: SpawnAllZoneKeys
        m_Mode: 6
        m_Arguments:
          m_ObjectArgument: {fileID: 0}
          m_ObjectArgumentAssemblyTypeName: UnityEngine.Object, UnityEngine
          m_IntArgument: 0
          m_FloatArgument: 0
          m_StringArgument: 
          m_BoolArgument: 0
        m_CallState: 2
      - m_Target: {fileID: 0}
        m_MethodName: PositionRoom
        m_Mode: 1
        m_Arguments:
          m_ObjectArgument: {fileID: 0}
          m_ObjectArgumentAssemblyTypeName: UnityEngine.Object, UnityEngine
          m_IntArgument: 0
          m_FloatArgument: 0
          m_StringArgument: 
          m_BoolArgument: 0
        m_CallState: 2
--- !u!114 &1676791645847863598
MonoBehaviour:
  m_ObjectHideFlags: 0
  m_CorrespondingSourceObject: {fileID: 0}
  m_PrefabInstance: {fileID: 0}
  m_PrefabAsset: {fileID: 0}
  m_GameObject: {fileID: 1676791645847863599}
  m_Enabled: 1
  m_EditorHideFlags: 0
  m_Script: {fileID: 11500000, guid: 156351c2795ed5d43ae7c6ea68845f9d, type: 3}
  m_Name: 
  m_EditorClassIdentifier: 
  objs: []
  objLists: []
  objsWithChance: []
  rooms:
  - room: {fileID: 6469560992202658181, guid: e0eac7d671b4f2344b5f012ccb7d5b09, type: 3}
    chance: 1
  inaccessibleEntrances:
  - obj: {fileID: 2789197637806331856, guid: be38708ce1b388f4ab293e1bb64c45a8, type: 3}
    chance: 1
  accessibleEntrances:
  - obj: {fileID: 2789197637806331856, guid: 1753f78cec4e1bd44ba0f511cee0c270, type: 3}
    chance: 1
  roomGroupEntrances:
  - obj: {fileID: 1215664025118973654, guid: 654f151c5df8b1147a88a6ec36927fe5, type: 3}
    chance: 1
--- !u!1 &1676791645863258666
GameObject:
  m_ObjectHideFlags: 0
  m_CorrespondingSourceObject: {fileID: 0}
  m_PrefabInstance: {fileID: 0}
  m_PrefabAsset: {fileID: 0}
  serializedVersion: 6
  m_Component:
  - component: {fileID: 1676791645863258661}
  m_Layer: 0
  m_Name: RoomGeneratorTemplates
  m_TagString: Untagged
  m_Icon: {fileID: 0}
  m_NavMeshLayer: 0
  m_StaticEditorFlags: 0
  m_IsActive: 1
--- !u!4 &1676791645863258661
Transform:
  m_ObjectHideFlags: 0
  m_CorrespondingSourceObject: {fileID: 0}
  m_PrefabInstance: {fileID: 0}
  m_PrefabAsset: {fileID: 0}
  m_GameObject: {fileID: 1676791645863258666}
  m_LocalRotation: {x: 0, y: 0, z: 0, w: 1}
  m_LocalPosition: {x: 0, y: 0, z: 0}
  m_LocalScale: {x: 1, y: 1, z: 1}
  m_Children:
  - {fileID: 1676791645952071577}
  m_Father: {fileID: 1676791645847863592}
  m_RootOrder: 0
  m_LocalEulerAnglesHint: {x: 0, y: 0, z: 0}
--- !u!1 &1676791645952071583
GameObject:
  m_ObjectHideFlags: 0
  m_CorrespondingSourceObject: {fileID: 0}
  m_PrefabInstance: {fileID: 0}
  m_PrefabAsset: {fileID: 0}
  serializedVersion: 6
  m_Component:
  - component: {fileID: 1676791645952071577}
  - component: {fileID: 1676791645952071582}
  m_Layer: 0
  m_Name: ZoneA
  m_TagString: Untagged
  m_Icon: {fileID: 0}
  m_NavMeshLayer: 0
  m_StaticEditorFlags: 0
  m_IsActive: 1
--- !u!4 &1676791645952071577
Transform:
  m_ObjectHideFlags: 0
  m_CorrespondingSourceObject: {fileID: 0}
  m_PrefabInstance: {fileID: 0}
  m_PrefabAsset: {fileID: 0}
  m_GameObject: {fileID: 1676791645952071583}
  m_LocalRotation: {x: 0, y: 0, z: 0, w: 1}
  m_LocalPosition: {x: 0, y: 0, z: 0}
  m_LocalScale: {x: 1, y: 1, z: 1}
  m_Children: []
  m_Father: {fileID: 1676791645863258661}
  m_RootOrder: 0
  m_LocalEulerAnglesHint: {x: 0, y: 0, z: 0}
--- !u!114 &1676791645952071582
MonoBehaviour:
  m_ObjectHideFlags: 0
  m_CorrespondingSourceObject: {fileID: 0}
  m_PrefabInstance: {fileID: 0}
  m_PrefabAsset: {fileID: 0}
  m_GameObject: {fileID: 1676791645952071583}
  m_Enabled: 1
  m_EditorHideFlags: 0
  m_Script: {fileID: 11500000, guid: 910ceeba95c3c1a49bad4884d6be6144, type: 3}
  m_Name: 
  m_EditorClassIdentifier: 
  maxRooms: 10
  startingEntrance: {fileID: 0}
  onlyUseOneStartRoomEntrance: 1
  canLinkWithOtherGenerators: 0
  assetLib: {fileID: 1676791645847863598}
  objSpawner: {fileID: 0}
  maxGenerationTime: 10
  roomSpawnTimeGap: 0.25
  autoGenerate: 0
  isDebug: 1
  OnGeneratorFinished:
    m_PersistentCalls:
      m_Calls: []
  OnRoomSpawned:
    m_PersistentCalls:
      m_Calls: []
  OnEntranceSpawned:
    m_PersistentCalls:
      m_Calls: []
