%YAML 1.1
%TAG !u! tag:unity3d.com,2011:
--- !u!1001 &294454995613184338
PrefabInstance:
  m_ObjectHideFlags: 0
  serializedVersion: 2
  m_Modification:
    m_TransformParent: {fileID: 0}
    m_Modifications:
    - target: {fileID: 4336912855137588964, guid: 5e51acff3556c464690e4b4be9ed1067,
        type: 3}
      propertyPath: m_LocalPosition.x
      value: 0
      objectReference: {fileID: 0}
    - target: {fileID: 4336912855137588964, guid: 5e51acff3556c464690e4b4be9ed1067,
        type: 3}
      propertyPath: m_LocalPosition.y
      value: 0
      objectReference: {fileID: 0}
    - target: {fileID: 4336912855137588964, guid: 5e51acff3556c464690e4b4be9ed1067,
        type: 3}
      propertyPath: m_LocalPosition.z
      value: 0
      objectReference: {fileID: 0}
    - target: {fileID: 4336912855137588964, guid: 5e51acff3556c464690e4b4be9ed1067,
        type: 3}
      propertyPath: m_LocalRotation.x
      value: 0
      objectReference: {fileID: 0}
    - target: {fileID: 4336912855137588964, guid: 5e51acff3556c464690e4b4be9ed1067,
        type: 3}
      propertyPath: m_LocalRotation.y
      value: 0
      objectReference: {fileID: 0}
    - target: {fileID: 4336912855137588964, guid: 5e51acff3556c464690e4b4be9ed1067,
        type: 3}
      propertyPath: m_LocalRotation.z
      value: 0
      objectReference: {fileID: 0}
    - target: {fileID: 4336912855137588964, guid: 5e51acff3556c464690e4b4be9ed1067,
        type: 3}
      propertyPath: m_LocalRotation.w
      value: 1
      objectReference: {fileID: 0}
    - target: {fileID: 4336912855137588964, guid: 5e51acff3556c464690e4b4be9ed1067,
        type: 3}
      propertyPath: m_RootOrder
      value: 0
      objectReference: {fileID: 0}
    - target: {fileID: 4336912855137588964, guid: 5e51acff3556c464690e4b4be9ed1067,
        type: 3}
      propertyPath: m_LocalEulerAnglesHint.x
      value: 0
      objectReference: {fileID: 0}
    - target: {fileID: 4336912855137588964, guid: 5e51acff3556c464690e4b4be9ed1067,
        type: 3}
      propertyPath: m_LocalEulerAnglesHint.y
      value: 0
      objectReference: {fileID: 0}
    - target: {fileID: 4336912855137588964, guid: 5e51acff3556c464690e4b4be9ed1067,
        type: 3}
      propertyPath: m_LocalEulerAnglesHint.z
      value: 0
      objectReference: {fileID: 0}
    - target: {fileID: 4336912855137588965, guid: 5e51acff3556c464690e4b4be9ed1067,
        type: 3}
      propertyPath: m_Name
      value: RoomD-8D
      objectReference: {fileID: 0}
    - target: {fileID: 5980187576208267572, guid: 5e51acff3556c464690e4b4be9ed1067,
        type: 3}
      propertyPath: entrances.Array.size
      value: 8
      objectReference: {fileID: 0}
    - target: {fileID: 5980187576208267572, guid: 5e51acff3556c464690e4b4be9ed1067,
        type: 3}
      propertyPath: entrances.Array.data[0]
      value: 
      objectReference: {fileID: 7862044141791320425}
    - target: {fileID: 5980187576208267572, guid: 5e51acff3556c464690e4b4be9ed1067,
        type: 3}
      propertyPath: entrances.Array.data[1]
      value: 
      objectReference: {fileID: 1511590036103557708}
    - target: {fileID: 5980187576208267572, guid: 5e51acff3556c464690e4b4be9ed1067,
        type: 3}
      propertyPath: entrances.Array.data[2]
      value: 
      objectReference: {fileID: 3576688407821985507}
    - target: {fileID: 5980187576208267572, guid: 5e51acff3556c464690e4b4be9ed1067,
        type: 3}
      propertyPath: entrances.Array.data[3]
      value: 
      objectReference: {fileID: 7291740611987678914}
    - target: {fileID: 5980187576208267572, guid: 5e51acff3556c464690e4b4be9ed1067,
        type: 3}
      propertyPath: entrances.Array.data[4]
      value: 
      objectReference: {fileID: 4059974136170806118}
    - target: {fileID: 5980187576208267572, guid: 5e51acff3556c464690e4b4be9ed1067,
        type: 3}
      propertyPath: entrances.Array.data[5]
      value: 
      objectReference: {fileID: 6072947403340094217}
    - target: {fileID: 5980187576208267572, guid: 5e51acff3556c464690e4b4be9ed1067,
        type: 3}
      propertyPath: entrances.Array.data[6]
      value: 
      objectReference: {fileID: 5451593231131320374}
    - target: {fileID: 5980187576208267572, guid: 5e51acff3556c464690e4b4be9ed1067,
        type: 3}
      propertyPath: entrances.Array.data[7]
      value: 
      objectReference: {fileID: 1803117840393549858}
    m_RemovedComponents: []
  m_SourcePrefab: {fileID: 100100000, guid: 5e51acff3556c464690e4b4be9ed1067, type: 3}
--- !u!4 &315403652092510070 stripped
Transform:
  m_CorrespondingSourceObject: {fileID: 33377537128746532, guid: 5e51acff3556c464690e4b4be9ed1067,
    type: 3}
  m_PrefabInstance: {fileID: 294454995613184338}
  m_PrefabAsset: {fileID: 0}
--- !u!4 &751431459847165923 stripped
Transform:
  m_CorrespondingSourceObject: {fileID: 1043572514814600881, guid: 5e51acff3556c464690e4b4be9ed1067,
    type: 3}
  m_PrefabInstance: {fileID: 294454995613184338}
  m_PrefabAsset: {fileID: 0}
--- !u!1001 &1321732431344573770
PrefabInstance:
  m_ObjectHideFlags: 0
  serializedVersion: 2
  m_Modification:
    m_TransformParent: {fileID: 315403652092510070}
    m_Modifications:
    - target: {fileID: 8728421205475432442, guid: 403f4a2cedee41644af967d6c5ed240e,
        type: 3}
      propertyPath: m_Name
      value: EntranceD
      objectReference: {fileID: 0}
    - target: {fileID: 8728421205475432443, guid: 403f4a2cedee41644af967d6c5ed240e,
        type: 3}
      propertyPath: m_LocalPosition.x
      value: -10.05
      objectReference: {fileID: 0}
    - target: {fileID: 8728421205475432443, guid: 403f4a2cedee41644af967d6c5ed240e,
        type: 3}
      propertyPath: m_LocalPosition.y
      value: 0
      objectReference: {fileID: 0}
    - target: {fileID: 8728421205475432443, guid: 403f4a2cedee41644af967d6c5ed240e,
        type: 3}
      propertyPath: m_LocalPosition.z
      value: 0
      objectReference: {fileID: 0}
    - target: {fileID: 8728421205475432443, guid: 403f4a2cedee41644af967d6c5ed240e,
        type: 3}
      propertyPath: m_LocalRotation.x
      value: -0
      objectReference: {fileID: 0}
    - target: {fileID: 8728421205475432443, guid: 403f4a2cedee41644af967d6c5ed240e,
        type: 3}
      propertyPath: m_LocalRotation.y
      value: -0.7071068
      objectReference: {fileID: 0}
    - target: {fileID: 8728421205475432443, guid: 403f4a2cedee41644af967d6c5ed240e,
        type: 3}
      propertyPath: m_LocalRotation.z
      value: -0
      objectReference: {fileID: 0}
    - target: {fileID: 8728421205475432443, guid: 403f4a2cedee41644af967d6c5ed240e,
        type: 3}
      propertyPath: m_LocalRotation.w
      value: 0.7071068
      objectReference: {fileID: 0}
    - target: {fileID: 8728421205475432443, guid: 403f4a2cedee41644af967d6c5ed240e,
        type: 3}
      propertyPath: m_RootOrder
      value: 3
      objectReference: {fileID: 0}
    - target: {fileID: 8728421205475432443, guid: 403f4a2cedee41644af967d6c5ed240e,
        type: 3}
      propertyPath: m_LocalEulerAnglesHint.x
      value: 0
      objectReference: {fileID: 0}
    - target: {fileID: 8728421205475432443, guid: 403f4a2cedee41644af967d6c5ed240e,
        type: 3}
      propertyPath: m_LocalEulerAnglesHint.y
      value: -90
      objectReference: {fileID: 0}
    - target: {fileID: 8728421205475432443, guid: 403f4a2cedee41644af967d6c5ed240e,
        type: 3}
      propertyPath: m_LocalEulerAnglesHint.z
      value: 0
      objectReference: {fileID: 0}
    m_RemovedComponents: []
  m_SourcePrefab: {fileID: 100100000, guid: 403f4a2cedee41644af967d6c5ed240e, type: 3}
--- !u!114 &7291740611987678914 stripped
MonoBehaviour:
  m_CorrespondingSourceObject: {fileID: 8603788235333221256, guid: 403f4a2cedee41644af967d6c5ed240e,
    type: 3}
  m_PrefabInstance: {fileID: 1321732431344573770}
  m_PrefabAsset: {fileID: 0}
  m_GameObject: {fileID: 0}
  m_Enabled: 1
  m_EditorHideFlags: 0
  m_Script: {fileID: 11500000, guid: 41a6475a9d14b2945ba40edef560c159, type: 3}
  m_Name: 
  m_EditorClassIdentifier: 
--- !u!1001 &1908783716353778401
PrefabInstance:
  m_ObjectHideFlags: 0
  serializedVersion: 2
  m_Modification:
    m_TransformParent: {fileID: 315403652092510070}
    m_Modifications:
    - target: {fileID: 8728421205475432442, guid: 403f4a2cedee41644af967d6c5ed240e,
        type: 3}
      propertyPath: m_Name
      value: EntranceA
      objectReference: {fileID: 0}
    - target: {fileID: 8728421205475432443, guid: 403f4a2cedee41644af967d6c5ed240e,
        type: 3}
      propertyPath: m_LocalPosition.x
      value: 10.05
      objectReference: {fileID: 0}
    - target: {fileID: 8728421205475432443, guid: 403f4a2cedee41644af967d6c5ed240e,
        type: 3}
      propertyPath: m_LocalPosition.y
      value: 0
      objectReference: {fileID: 0}
    - target: {fileID: 8728421205475432443, guid: 403f4a2cedee41644af967d6c5ed240e,
        type: 3}
      propertyPath: m_LocalPosition.z
      value: 0
      objectReference: {fileID: 0}
    - target: {fileID: 8728421205475432443, guid: 403f4a2cedee41644af967d6c5ed240e,
        type: 3}
      propertyPath: m_LocalRotation.x
      value: -0
      objectReference: {fileID: 0}
    - target: {fileID: 8728421205475432443, guid: 403f4a2cedee41644af967d6c5ed240e,
        type: 3}
      propertyPath: m_LocalRotation.y
      value: 0.7071068
      objectReference: {fileID: 0}
    - target: {fileID: 8728421205475432443, guid: 403f4a2cedee41644af967d6c5ed240e,
        type: 3}
      propertyPath: m_LocalRotation.z
      value: -0
      objectReference: {fileID: 0}
    - target: {fileID: 8728421205475432443, guid: 403f4a2cedee41644af967d6c5ed240e,
        type: 3}
      propertyPath: m_LocalRotation.w
      value: 0.7071068
      objectReference: {fileID: 0}
    - target: {fileID: 8728421205475432443, guid: 403f4a2cedee41644af967d6c5ed240e,
        type: 3}
      propertyPath: m_RootOrder
      value: 0
      objectReference: {fileID: 0}
    - target: {fileID: 8728421205475432443, guid: 403f4a2cedee41644af967d6c5ed240e,
        type: 3}
      propertyPath: m_LocalEulerAnglesHint.x
      value: 0
      objectReference: {fileID: 0}
    - target: {fileID: 8728421205475432443, guid: 403f4a2cedee41644af967d6c5ed240e,
        type: 3}
      propertyPath: m_LocalEulerAnglesHint.y
      value: 90
      objectReference: {fileID: 0}
    - target: {fileID: 8728421205475432443, guid: 403f4a2cedee41644af967d6c5ed240e,
        type: 3}
      propertyPath: m_LocalEulerAnglesHint.z
      value: 0
      objectReference: {fileID: 0}
    m_RemovedComponents: []
  m_SourcePrefab: {fileID: 100100000, guid: 403f4a2cedee41644af967d6c5ed240e, type: 3}
--- !u!114 &7862044141791320425 stripped
MonoBehaviour:
  m_CorrespondingSourceObject: {fileID: 8603788235333221256, guid: 403f4a2cedee41644af967d6c5ed240e,
    type: 3}
  m_PrefabInstance: {fileID: 1908783716353778401}
  m_PrefabAsset: {fileID: 0}
  m_GameObject: {fileID: 0}
  m_Enabled: 1
  m_EditorHideFlags: 0
  m_Script: {fileID: 11500000, guid: 41a6475a9d14b2945ba40edef560c159, type: 3}
  m_Name: 
  m_EditorClassIdentifier: 
--- !u!1001 &2531509715503882369
PrefabInstance:
  m_ObjectHideFlags: 0
  serializedVersion: 2
  m_Modification:
    m_TransformParent: {fileID: 751431459847165923}
    m_Modifications:
    - target: {fileID: 8728421205475432442, guid: 403f4a2cedee41644af967d6c5ed240e,
        type: 3}
      propertyPath: m_Name
      value: EntranceF
      objectReference: {fileID: 0}
    - target: {fileID: 8728421205475432443, guid: 403f4a2cedee41644af967d6c5ed240e,
        type: 3}
      propertyPath: m_LocalPosition.x
      value: 0
      objectReference: {fileID: 0}
    - target: {fileID: 8728421205475432443, guid: 403f4a2cedee41644af967d6c5ed240e,
        type: 3}
      propertyPath: m_LocalPosition.y
      value: 5
      objectReference: {fileID: 0}
    - target: {fileID: 8728421205475432443, guid: 403f4a2cedee41644af967d6c5ed240e,
        type: 3}
      propertyPath: m_LocalPosition.z
      value: 10.050001
      objectReference: {fileID: 0}
    - target: {fileID: 8728421205475432443, guid: 403f4a2cedee41644af967d6c5ed240e,
        type: 3}
      propertyPath: m_LocalRotation.x
      value: -0
      objectReference: {fileID: 0}
    - target: {fileID: 8728421205475432443, guid: 403f4a2cedee41644af967d6c5ed240e,
        type: 3}
      propertyPath: m_LocalRotation.y
      value: -0
      objectReference: {fileID: 0}
    - target: {fileID: 8728421205475432443, guid: 403f4a2cedee41644af967d6c5ed240e,
        type: 3}
      propertyPath: m_LocalRotation.z
      value: -0
      objectReference: {fileID: 0}
    - target: {fileID: 8728421205475432443, guid: 403f4a2cedee41644af967d6c5ed240e,
        type: 3}
      propertyPath: m_LocalRotation.w
      value: 1
      objectReference: {fileID: 0}
    - target: {fileID: 8728421205475432443, guid: 403f4a2cedee41644af967d6c5ed240e,
        type: 3}
      propertyPath: m_RootOrder
      value: 1
      objectReference: {fileID: 0}
    - target: {fileID: 8728421205475432443, guid: 403f4a2cedee41644af967d6c5ed240e,
        type: 3}
      propertyPath: m_LocalEulerAnglesHint.x
      value: 0
      objectReference: {fileID: 0}
    - target: {fileID: 8728421205475432443, guid: 403f4a2cedee41644af967d6c5ed240e,
        type: 3}
      propertyPath: m_LocalEulerAnglesHint.y
      value: 0
      objectReference: {fileID: 0}
    - target: {fileID: 8728421205475432443, guid: 403f4a2cedee41644af967d6c5ed240e,
        type: 3}
      propertyPath: m_LocalEulerAnglesHint.z
      value: 0
      objectReference: {fileID: 0}
    m_RemovedComponents: []
  m_SourcePrefab: {fileID: 100100000, guid: 403f4a2cedee41644af967d6c5ed240e, type: 3}
--- !u!114 &6072947403340094217 stripped
MonoBehaviour:
  m_CorrespondingSourceObject: {fileID: 8603788235333221256, guid: 403f4a2cedee41644af967d6c5ed240e,
    type: 3}
  m_PrefabInstance: {fileID: 2531509715503882369}
  m_PrefabAsset: {fileID: 0}
  m_GameObject: {fileID: 0}
  m_Enabled: 1
  m_EditorHideFlags: 0
  m_Script: {fileID: 11500000, guid: 41a6475a9d14b2945ba40edef560c159, type: 3}
  m_Name: 
  m_EditorClassIdentifier: 
--- !u!1001 &4377842951661362110
PrefabInstance:
  m_ObjectHideFlags: 0
  serializedVersion: 2
  m_Modification:
    m_TransformParent: {fileID: 751431459847165923}
    m_Modifications:
    - target: {fileID: 8728421205475432442, guid: 403f4a2cedee41644af967d6c5ed240e,
        type: 3}
      propertyPath: m_Name
      value: EntranceG
      objectReference: {fileID: 0}
    - target: {fileID: 8728421205475432443, guid: 403f4a2cedee41644af967d6c5ed240e,
        type: 3}
      propertyPath: m_LocalPosition.x
      value: 0
      objectReference: {fileID: 0}
    - target: {fileID: 8728421205475432443, guid: 403f4a2cedee41644af967d6c5ed240e,
        type: 3}
      propertyPath: m_LocalPosition.y
      value: 5
      objectReference: {fileID: 0}
    - target: {fileID: 8728421205475432443, guid: 403f4a2cedee41644af967d6c5ed240e,
        type: 3}
      propertyPath: m_LocalPosition.z
      value: -10.05
      objectReference: {fileID: 0}
    - target: {fileID: 8728421205475432443, guid: 403f4a2cedee41644af967d6c5ed240e,
        type: 3}
      propertyPath: m_LocalRotation.x
      value: -0
      objectReference: {fileID: 0}
    - target: {fileID: 8728421205475432443, guid: 403f4a2cedee41644af967d6c5ed240e,
        type: 3}
      propertyPath: m_LocalRotation.y
      value: 1
      objectReference: {fileID: 0}
    - target: {fileID: 8728421205475432443, guid: 403f4a2cedee41644af967d6c5ed240e,
        type: 3}
      propertyPath: m_LocalRotation.z
      value: -0
      objectReference: {fileID: 0}
    - target: {fileID: 8728421205475432443, guid: 403f4a2cedee41644af967d6c5ed240e,
        type: 3}
      propertyPath: m_LocalRotation.w
      value: 0
      objectReference: {fileID: 0}
    - target: {fileID: 8728421205475432443, guid: 403f4a2cedee41644af967d6c5ed240e,
        type: 3}
      propertyPath: m_RootOrder
      value: 2
      objectReference: {fileID: 0}
    - target: {fileID: 8728421205475432443, guid: 403f4a2cedee41644af967d6c5ed240e,
        type: 3}
      propertyPath: m_LocalEulerAnglesHint.x
      value: 0
      objectReference: {fileID: 0}
    - target: {fileID: 8728421205475432443, guid: 403f4a2cedee41644af967d6c5ed240e,
        type: 3}
      propertyPath: m_LocalEulerAnglesHint.y
      value: 180
      objectReference: {fileID: 0}
    - target: {fileID: 8728421205475432443, guid: 403f4a2cedee41644af967d6c5ed240e,
        type: 3}
      propertyPath: m_LocalEulerAnglesHint.z
      value: 0
      objectReference: {fileID: 0}
    m_RemovedComponents: []
  m_SourcePrefab: {fileID: 100100000, guid: 403f4a2cedee41644af967d6c5ed240e, type: 3}
--- !u!114 &5451593231131320374 stripped
MonoBehaviour:
  m_CorrespondingSourceObject: {fileID: 8603788235333221256, guid: 403f4a2cedee41644af967d6c5ed240e,
    type: 3}
  m_PrefabInstance: {fileID: 4377842951661362110}
  m_PrefabAsset: {fileID: 0}
  m_GameObject: {fileID: 0}
  m_Enabled: 1
  m_EditorHideFlags: 0
  m_Script: {fileID: 11500000, guid: 41a6475a9d14b2945ba40edef560c159, type: 3}
  m_Name: 
  m_EditorClassIdentifier: 
--- !u!1001 &5099263318405946731
PrefabInstance:
  m_ObjectHideFlags: 0
  serializedVersion: 2
  m_Modification:
    m_TransformParent: {fileID: 315403652092510070}
    m_Modifications:
    - target: {fileID: 8728421205475432442, guid: 403f4a2cedee41644af967d6c5ed240e,
        type: 3}
      propertyPath: m_Name
      value: EntranceC
      objectReference: {fileID: 0}
    - target: {fileID: 8728421205475432443, guid: 403f4a2cedee41644af967d6c5ed240e,
        type: 3}
      propertyPath: m_LocalPosition.x
      value: 0
      objectReference: {fileID: 0}
    - target: {fileID: 8728421205475432443, guid: 403f4a2cedee41644af967d6c5ed240e,
        type: 3}
      propertyPath: m_LocalPosition.y
      value: 0
      objectReference: {fileID: 0}
    - target: {fileID: 8728421205475432443, guid: 403f4a2cedee41644af967d6c5ed240e,
        type: 3}
      propertyPath: m_LocalPosition.z
      value: -10.05
      objectReference: {fileID: 0}
    - target: {fileID: 8728421205475432443, guid: 403f4a2cedee41644af967d6c5ed240e,
        type: 3}
      propertyPath: m_LocalRotation.x
      value: -0
      objectReference: {fileID: 0}
    - target: {fileID: 8728421205475432443, guid: 403f4a2cedee41644af967d6c5ed240e,
        type: 3}
      propertyPath: m_LocalRotation.y
      value: 1
      objectReference: {fileID: 0}
    - target: {fileID: 8728421205475432443, guid: 403f4a2cedee41644af967d6c5ed240e,
        type: 3}
      propertyPath: m_LocalRotation.z
      value: -0
      objectReference: {fileID: 0}
    - target: {fileID: 8728421205475432443, guid: 403f4a2cedee41644af967d6c5ed240e,
        type: 3}
      propertyPath: m_LocalRotation.w
      value: 0
      objectReference: {fileID: 0}
    - target: {fileID: 8728421205475432443, guid: 403f4a2cedee41644af967d6c5ed240e,
        type: 3}
      propertyPath: m_RootOrder
      value: 2
      objectReference: {fileID: 0}
    - target: {fileID: 8728421205475432443, guid: 403f4a2cedee41644af967d6c5ed240e,
        type: 3}
      propertyPath: m_LocalEulerAnglesHint.x
      value: 0
      objectReference: {fileID: 0}
    - target: {fileID: 8728421205475432443, guid: 403f4a2cedee41644af967d6c5ed240e,
        type: 3}
      propertyPath: m_LocalEulerAnglesHint.y
      value: 180
      objectReference: {fileID: 0}
    - target: {fileID: 8728421205475432443, guid: 403f4a2cedee41644af967d6c5ed240e,
        type: 3}
      propertyPath: m_LocalEulerAnglesHint.z
      value: 0
      objectReference: {fileID: 0}
    m_RemovedComponents: []
  m_SourcePrefab: {fileID: 100100000, guid: 403f4a2cedee41644af967d6c5ed240e, type: 3}
--- !u!114 &3576688407821985507 stripped
MonoBehaviour:
  m_CorrespondingSourceObject: {fileID: 8603788235333221256, guid: 403f4a2cedee41644af967d6c5ed240e,
    type: 3}
  m_PrefabInstance: {fileID: 5099263318405946731}
  m_PrefabAsset: {fileID: 0}
  m_GameObject: {fileID: 0}
  m_Enabled: 1
  m_EditorHideFlags: 0
  m_Script: {fileID: 11500000, guid: 41a6475a9d14b2945ba40edef560c159, type: 3}
  m_Name: 
  m_EditorClassIdentifier: 
--- !u!1001 &5706385255171309806
PrefabInstance:
  m_ObjectHideFlags: 0
  serializedVersion: 2
  m_Modification:
    m_TransformParent: {fileID: 751431459847165923}
    m_Modifications:
    - target: {fileID: 8728421205475432442, guid: 403f4a2cedee41644af967d6c5ed240e,
        type: 3}
      propertyPath: m_Name
      value: EntranceE
      objectReference: {fileID: 0}
    - target: {fileID: 8728421205475432443, guid: 403f4a2cedee41644af967d6c5ed240e,
        type: 3}
      propertyPath: m_LocalPosition.x
      value: 10.05
      objectReference: {fileID: 0}
    - target: {fileID: 8728421205475432443, guid: 403f4a2cedee41644af967d6c5ed240e,
        type: 3}
      propertyPath: m_LocalPosition.y
      value: 5
      objectReference: {fileID: 0}
    - target: {fileID: 8728421205475432443, guid: 403f4a2cedee41644af967d6c5ed240e,
        type: 3}
      propertyPath: m_LocalPosition.z
      value: 0
      objectReference: {fileID: 0}
    - target: {fileID: 8728421205475432443, guid: 403f4a2cedee41644af967d6c5ed240e,
        type: 3}
      propertyPath: m_LocalRotation.x
      value: -0
      objectReference: {fileID: 0}
    - target: {fileID: 8728421205475432443, guid: 403f4a2cedee41644af967d6c5ed240e,
        type: 3}
      propertyPath: m_LocalRotation.y
      value: 0.7071068
      objectReference: {fileID: 0}
    - target: {fileID: 8728421205475432443, guid: 403f4a2cedee41644af967d6c5ed240e,
        type: 3}
      propertyPath: m_LocalRotation.z
      value: -0
      objectReference: {fileID: 0}
    - target: {fileID: 8728421205475432443, guid: 403f4a2cedee41644af967d6c5ed240e,
        type: 3}
      propertyPath: m_LocalRotation.w
      value: 0.7071068
      objectReference: {fileID: 0}
    - target: {fileID: 8728421205475432443, guid: 403f4a2cedee41644af967d6c5ed240e,
        type: 3}
      propertyPath: m_RootOrder
      value: 0
      objectReference: {fileID: 0}
    - target: {fileID: 8728421205475432443, guid: 403f4a2cedee41644af967d6c5ed240e,
        type: 3}
      propertyPath: m_LocalEulerAnglesHint.x
      value: 0
      objectReference: {fileID: 0}
    - target: {fileID: 8728421205475432443, guid: 403f4a2cedee41644af967d6c5ed240e,
        type: 3}
      propertyPath: m_LocalEulerAnglesHint.y
      value: 90
      objectReference: {fileID: 0}
    - target: {fileID: 8728421205475432443, guid: 403f4a2cedee41644af967d6c5ed240e,
        type: 3}
      propertyPath: m_LocalEulerAnglesHint.z
      value: 0
      objectReference: {fileID: 0}
    m_RemovedComponents: []
  m_SourcePrefab: {fileID: 100100000, guid: 403f4a2cedee41644af967d6c5ed240e, type: 3}
--- !u!114 &4059974136170806118 stripped
MonoBehaviour:
  m_CorrespondingSourceObject: {fileID: 8603788235333221256, guid: 403f4a2cedee41644af967d6c5ed240e,
    type: 3}
  m_PrefabInstance: {fileID: 5706385255171309806}
  m_PrefabAsset: {fileID: 0}
  m_GameObject: {fileID: 0}
  m_Enabled: 1
  m_EditorHideFlags: 0
  m_Script: {fileID: 11500000, guid: 41a6475a9d14b2945ba40edef560c159, type: 3}
  m_Name: 
  m_EditorClassIdentifier: 
--- !u!1001 &7177881225170799044
PrefabInstance:
  m_ObjectHideFlags: 0
  serializedVersion: 2
  m_Modification:
    m_TransformParent: {fileID: 315403652092510070}
    m_Modifications:
    - target: {fileID: 8728421205475432442, guid: 403f4a2cedee41644af967d6c5ed240e,
        type: 3}
      propertyPath: m_Name
      value: EntranceB
      objectReference: {fileID: 0}
    - target: {fileID: 8728421205475432443, guid: 403f4a2cedee41644af967d6c5ed240e,
        type: 3}
      propertyPath: m_LocalPosition.x
      value: 0
      objectReference: {fileID: 0}
    - target: {fileID: 8728421205475432443, guid: 403f4a2cedee41644af967d6c5ed240e,
        type: 3}
      propertyPath: m_LocalPosition.y
      value: 0
      objectReference: {fileID: 0}
    - target: {fileID: 8728421205475432443, guid: 403f4a2cedee41644af967d6c5ed240e,
        type: 3}
      propertyPath: m_LocalPosition.z
      value: 10.050001
      objectReference: {fileID: 0}
    - target: {fileID: 8728421205475432443, guid: 403f4a2cedee41644af967d6c5ed240e,
        type: 3}
      propertyPath: m_LocalRotation.x
      value: -0
      objectReference: {fileID: 0}
    - target: {fileID: 8728421205475432443, guid: 403f4a2cedee41644af967d6c5ed240e,
        type: 3}
      propertyPath: m_LocalRotation.y
      value: -0
      objectReference: {fileID: 0}
    - target: {fileID: 8728421205475432443, guid: 403f4a2cedee41644af967d6c5ed240e,
        type: 3}
      propertyPath: m_LocalRotation.z
      value: -0
      objectReference: {fileID: 0}
    - target: {fileID: 8728421205475432443, guid: 403f4a2cedee41644af967d6c5ed240e,
        type: 3}
      propertyPath: m_LocalRotation.w
      value: 1
      objectReference: {fileID: 0}
    - target: {fileID: 8728421205475432443, guid: 403f4a2cedee41644af967d6c5ed240e,
        type: 3}
      propertyPath: m_RootOrder
      value: 1
      objectReference: {fileID: 0}
    - target: {fileID: 8728421205475432443, guid: 403f4a2cedee41644af967d6c5ed240e,
        type: 3}
      propertyPath: m_LocalEulerAnglesHint.x
      value: 0
      objectReference: {fileID: 0}
    - target: {fileID: 8728421205475432443, guid: 403f4a2cedee41644af967d6c5ed240e,
        type: 3}
      propertyPath: m_LocalEulerAnglesHint.y
      value: 0
      objectReference: {fileID: 0}
    - target: {fileID: 8728421205475432443, guid: 403f4a2cedee41644af967d6c5ed240e,
        type: 3}
      propertyPath: m_LocalEulerAnglesHint.z
      value: 0
      objectReference: {fileID: 0}
    m_RemovedComponents: []
  m_SourcePrefab: {fileID: 100100000, guid: 403f4a2cedee41644af967d6c5ed240e, type: 3}
--- !u!114 &1511590036103557708 stripped
MonoBehaviour:
  m_CorrespondingSourceObject: {fileID: 8603788235333221256, guid: 403f4a2cedee41644af967d6c5ed240e,
    type: 3}
  m_PrefabInstance: {fileID: 7177881225170799044}
  m_PrefabAsset: {fileID: 0}
  m_GameObject: {fileID: 0}
  m_Enabled: 1
  m_EditorHideFlags: 0
  m_Script: {fileID: 11500000, guid: 41a6475a9d14b2945ba40edef560c159, type: 3}
  m_Name: 
  m_EditorClassIdentifier: 
--- !u!1001 &7954269330117165994
PrefabInstance:
  m_ObjectHideFlags: 0
  serializedVersion: 2
  m_Modification:
    m_TransformParent: {fileID: 751431459847165923}
    m_Modifications:
    - target: {fileID: 8728421205475432442, guid: 403f4a2cedee41644af967d6c5ed240e,
        type: 3}
      propertyPath: m_Name
      value: EntranceH
      objectReference: {fileID: 0}
    - target: {fileID: 8728421205475432443, guid: 403f4a2cedee41644af967d6c5ed240e,
        type: 3}
      propertyPath: m_LocalPosition.x
      value: -10.05
      objectReference: {fileID: 0}
    - target: {fileID: 8728421205475432443, guid: 403f4a2cedee41644af967d6c5ed240e,
        type: 3}
      propertyPath: m_LocalPosition.y
      value: 5
      objectReference: {fileID: 0}
    - target: {fileID: 8728421205475432443, guid: 403f4a2cedee41644af967d6c5ed240e,
        type: 3}
      propertyPath: m_LocalPosition.z
      value: 0
      objectReference: {fileID: 0}
    - target: {fileID: 8728421205475432443, guid: 403f4a2cedee41644af967d6c5ed240e,
        type: 3}
      propertyPath: m_LocalRotation.x
      value: -0
      objectReference: {fileID: 0}
    - target: {fileID: 8728421205475432443, guid: 403f4a2cedee41644af967d6c5ed240e,
        type: 3}
      propertyPath: m_LocalRotation.y
      value: -0.7071068
      objectReference: {fileID: 0}
    - target: {fileID: 8728421205475432443, guid: 403f4a2cedee41644af967d6c5ed240e,
        type: 3}
      propertyPath: m_LocalRotation.z
      value: -0
      objectReference: {fileID: 0}
    - target: {fileID: 8728421205475432443, guid: 403f4a2cedee41644af967d6c5ed240e,
        type: 3}
      propertyPath: m_LocalRotation.w
      value: 0.7071068
      objectReference: {fileID: 0}
    - target: {fileID: 8728421205475432443, guid: 403f4a2cedee41644af967d6c5ed240e,
        type: 3}
      propertyPath: m_RootOrder
      value: 3
      objectReference: {fileID: 0}
    - target: {fileID: 8728421205475432443, guid: 403f4a2cedee41644af967d6c5ed240e,
        type: 3}
      propertyPath: m_LocalEulerAnglesHint.x
      value: 0
      objectReference: {fileID: 0}
    - target: {fileID: 8728421205475432443, guid: 403f4a2cedee41644af967d6c5ed240e,
        type: 3}
      propertyPath: m_LocalEulerAnglesHint.y
      value: -90
      objectReference: {fileID: 0}
    - target: {fileID: 8728421205475432443, guid: 403f4a2cedee41644af967d6c5ed240e,
        type: 3}
      propertyPath: m_LocalEulerAnglesHint.z
      value: 0
      objectReference: {fileID: 0}
    m_RemovedComponents: []
  m_SourcePrefab: {fileID: 100100000, guid: 403f4a2cedee41644af967d6c5ed240e, type: 3}
--- !u!114 &1803117840393549858 stripped
MonoBehaviour:
  m_CorrespondingSourceObject: {fileID: 8603788235333221256, guid: 403f4a2cedee41644af967d6c5ed240e,
    type: 3}
  m_PrefabInstance: {fileID: 7954269330117165994}
  m_PrefabAsset: {fileID: 0}
  m_GameObject: {fileID: 0}
  m_Enabled: 1
  m_EditorHideFlags: 0
  m_Script: {fileID: 11500000, guid: 41a6475a9d14b2945ba40edef560c159, type: 3}
  m_Name: 
  m_EditorClassIdentifier: 
