%YAML 1.1
%TAG !u! tag:unity3d.com,2011:
--- !u!1 &1338137170858151291
GameObject:
  m_ObjectHideFlags: 0
  m_CorrespondingSourceObject: {fileID: 0}
  m_PrefabInstance: {fileID: 0}
  m_PrefabAsset: {fileID: 0}
  serializedVersion: 6
  m_Component:
  - component: {fileID: 2374462994604731902}
  - component: {fileID: 6884954586623860712}
  m_Layer: 0
  m_Name: NodeA
  m_TagString: Untagged
  m_Icon: {fileID: 0}
  m_NavMeshLayer: 0
  m_StaticEditorFlags: 0
  m_IsActive: 1
--- !u!4 &2374462994604731902
Transform:
  m_ObjectHideFlags: 0
  m_CorrespondingSourceObject: {fileID: 0}
  m_PrefabInstance: {fileID: 0}
  m_PrefabAsset: {fileID: 0}
  m_GameObject: {fileID: 1338137170858151291}
  m_LocalRotation: {x: -0, y: 0.9238796, z: -0, w: -0.38268325}
  m_LocalPosition: {x: 7, y: 0.5, z: 7}
  m_LocalScale: {x: 1, y: 1, z: 1}
  m_Children: []
  m_Father: {fileID: 5625319413329076605}
  m_RootOrder: 0
  m_LocalEulerAnglesHint: {x: 0, y: 225, z: 0}
--- !u!114 &6884954586623860712
MonoBehaviour:
  m_ObjectHideFlags: 0
  m_CorrespondingSourceObject: {fileID: 0}
  m_PrefabInstance: {fileID: 0}
  m_PrefabAsset: {fileID: 0}
  m_GameObject: {fileID: 1338137170858151291}
  m_Enabled: 1
  m_EditorHideFlags: 0
  m_Script: {fileID: 11500000, guid: c24ebd06f2600f74da0601e4834f2d14, type: 3}
  m_Name: 
  m_EditorClassIdentifier: 
  spawnAsActive: 1
  isObjectPoolManaged: 1
  spawnDelay: 0
  postSpawnDelay: 0
  OnSpawn:
    m_PersistentCalls:
      m_Calls: []
  OnPostSpawn:
    m_PersistentCalls:
      m_Calls: []
  listNames:
  - Spheres
  - Cubes
--- !u!1 &1692227325067773110
GameObject:
  m_ObjectHideFlags: 0
  m_CorrespondingSourceObject: {fileID: 0}
  m_PrefabInstance: {fileID: 0}
  m_PrefabAsset: {fileID: 0}
  serializedVersion: 6
  m_Component:
  - component: {fileID: 5945390059469607718}
  - component: {fileID: 1809931803014178435}
  m_Layer: 0
  m_Name: NodeC
  m_TagString: Untagged
  m_Icon: {fileID: 0}
  m_NavMeshLayer: 0
  m_StaticEditorFlags: 0
  m_IsActive: 1
--- !u!4 &5945390059469607718
Transform:
  m_ObjectHideFlags: 0
  m_CorrespondingSourceObject: {fileID: 0}
  m_PrefabInstance: {fileID: 0}
  m_PrefabAsset: {fileID: 0}
  m_GameObject: {fileID: 1692227325067773110}
  m_LocalRotation: {x: -0, y: 0.38268343, z: -0, w: 0.92387956}
  m_LocalPosition: {x: -7, y: 0.5, z: -7}
  m_LocalScale: {x: 1, y: 1, z: 1}
  m_Children: []
  m_Father: {fileID: 5625319413329076605}
  m_RootOrder: 2
  m_LocalEulerAnglesHint: {x: 0, y: 45, z: 0}
--- !u!114 &1809931803014178435
MonoBehaviour:
  m_ObjectHideFlags: 0
  m_CorrespondingSourceObject: {fileID: 0}
  m_PrefabInstance: {fileID: 0}
  m_PrefabAsset: {fileID: 0}
  m_GameObject: {fileID: 1692227325067773110}
  m_Enabled: 1
  m_EditorHideFlags: 0
  m_Script: {fileID: 11500000, guid: c24ebd06f2600f74da0601e4834f2d14, type: 3}
  m_Name: 
  m_EditorClassIdentifier: 
  spawnAsActive: 1
  isObjectPoolManaged: 1
  spawnDelay: 0
  postSpawnDelay: 0
  OnSpawn:
    m_PersistentCalls:
      m_Calls: []
  OnPostSpawn:
    m_PersistentCalls:
      m_Calls: []
  listNames:
  - Spheres
  - Cubes
--- !u!1 &5793929813449158105
GameObject:
  m_ObjectHideFlags: 0
  m_CorrespondingSourceObject: {fileID: 0}
  m_PrefabInstance: {fileID: 0}
  m_PrefabAsset: {fileID: 0}
  serializedVersion: 6
  m_Component:
  - component: {fileID: 9021529837671575495}
  - component: {fileID: 5195723524650555323}
  m_Layer: 0
  m_Name: NodeB
  m_TagString: Untagged
  m_Icon: {fileID: 0}
  m_NavMeshLayer: 0
  m_StaticEditorFlags: 0
  m_IsActive: 1
--- !u!4 &9021529837671575495
Transform:
  m_ObjectHideFlags: 0
  m_CorrespondingSourceObject: {fileID: 0}
  m_PrefabInstance: {fileID: 0}
  m_PrefabAsset: {fileID: 0}
  m_GameObject: {fileID: 5793929813449158105}
  m_LocalRotation: {x: -0, y: 0.92387956, z: -0, w: 0.38268343}
  m_LocalPosition: {x: -7, y: 0.5, z: 7}
  m_LocalScale: {x: 1, y: 1, z: 1}
  m_Children: []
  m_Father: {fileID: 5625319413329076605}
  m_RootOrder: 1
  m_LocalEulerAnglesHint: {x: 0, y: 135, z: 0}
--- !u!114 &5195723524650555323
MonoBehaviour:
  m_ObjectHideFlags: 0
  m_CorrespondingSourceObject: {fileID: 0}
  m_PrefabInstance: {fileID: 0}
  m_PrefabAsset: {fileID: 0}
  m_GameObject: {fileID: 5793929813449158105}
  m_Enabled: 1
  m_EditorHideFlags: 0
  m_Script: {fileID: 11500000, guid: c24ebd06f2600f74da0601e4834f2d14, type: 3}
  m_Name: 
  m_EditorClassIdentifier: 
  spawnAsActive: 1
  isObjectPoolManaged: 1
  spawnDelay: 0
  postSpawnDelay: 0
  OnSpawn:
    m_PersistentCalls:
      m_Calls: []
  OnPostSpawn:
    m_PersistentCalls:
      m_Calls: []
  listNames:
  - Spheres
  - Cubes
--- !u!1 &7688563064742885132
GameObject:
  m_ObjectHideFlags: 0
  m_CorrespondingSourceObject: {fileID: 0}
  m_PrefabInstance: {fileID: 0}
  m_PrefabAsset: {fileID: 0}
  serializedVersion: 6
  m_Component:
  - component: {fileID: 5448596009333131645}
  - component: {fileID: 3184185691455769305}
  m_Layer: 0
  m_Name: NodeD
  m_TagString: Untagged
  m_Icon: {fileID: 0}
  m_NavMeshLayer: 0
  m_StaticEditorFlags: 0
  m_IsActive: 1
--- !u!4 &5448596009333131645
Transform:
  m_ObjectHideFlags: 0
  m_CorrespondingSourceObject: {fileID: 0}
  m_PrefabInstance: {fileID: 0}
  m_PrefabAsset: {fileID: 0}
  m_GameObject: {fileID: 7688563064742885132}
  m_LocalRotation: {x: -0, y: -0.38268343, z: -0, w: 0.92387956}
  m_LocalPosition: {x: 7, y: 0.5, z: -7}
  m_LocalScale: {x: 1, y: 1, z: 1}
  m_Children: []
  m_Father: {fileID: 5625319413329076605}
  m_RootOrder: 3
  m_LocalEulerAnglesHint: {x: 0, y: -45, z: 0}
--- !u!114 &3184185691455769305
MonoBehaviour:
  m_ObjectHideFlags: 0
  m_CorrespondingSourceObject: {fileID: 0}
  m_PrefabInstance: {fileID: 0}
  m_PrefabAsset: {fileID: 0}
  m_GameObject: {fileID: 7688563064742885132}
  m_Enabled: 1
  m_EditorHideFlags: 0
  m_Script: {fileID: 11500000, guid: c24ebd06f2600f74da0601e4834f2d14, type: 3}
  m_Name: 
  m_EditorClassIdentifier: 
  spawnAsActive: 1
  isObjectPoolManaged: 1
  spawnDelay: 0
  postSpawnDelay: 0
  OnSpawn:
    m_PersistentCalls:
      m_Calls: []
  OnPostSpawn:
    m_PersistentCalls:
      m_Calls: []
  listNames:
  - Spheres
  - Cubes
--- !u!1001 &2992574777480561719
PrefabInstance:
  m_ObjectHideFlags: 0
  serializedVersion: 2
  m_Modification:
    m_TransformParent: {fileID: 0}
    m_Modifications:
    - target: {fileID: 4336912855137588964, guid: 6281cf52d27b70c47b59654eac640348,
        type: 3}
      propertyPath: m_LocalPosition.x
      value: 0
      objectReference: {fileID: 0}
    - target: {fileID: 4336912855137588964, guid: 6281cf52d27b70c47b59654eac640348,
        type: 3}
      propertyPath: m_LocalPosition.y
      value: 0
      objectReference: {fileID: 0}
    - target: {fileID: 4336912855137588964, guid: 6281cf52d27b70c47b59654eac640348,
        type: 3}
      propertyPath: m_LocalPosition.z
      value: 0
      objectReference: {fileID: 0}
    - target: {fileID: 4336912855137588964, guid: 6281cf52d27b70c47b59654eac640348,
        type: 3}
      propertyPath: m_LocalRotation.x
      value: 0
      objectReference: {fileID: 0}
    - target: {fileID: 4336912855137588964, guid: 6281cf52d27b70c47b59654eac640348,
        type: 3}
      propertyPath: m_LocalRotation.y
      value: 0
      objectReference: {fileID: 0}
    - target: {fileID: 4336912855137588964, guid: 6281cf52d27b70c47b59654eac640348,
        type: 3}
      propertyPath: m_LocalRotation.z
      value: 0
      objectReference: {fileID: 0}
    - target: {fileID: 4336912855137588964, guid: 6281cf52d27b70c47b59654eac640348,
        type: 3}
      propertyPath: m_LocalRotation.w
      value: 1
      objectReference: {fileID: 0}
    - target: {fileID: 4336912855137588964, guid: 6281cf52d27b70c47b59654eac640348,
        type: 3}
      propertyPath: m_RootOrder
      value: 0
      objectReference: {fileID: 0}
    - target: {fileID: 4336912855137588964, guid: 6281cf52d27b70c47b59654eac640348,
        type: 3}
      propertyPath: m_LocalEulerAnglesHint.x
      value: 0
      objectReference: {fileID: 0}
    - target: {fileID: 4336912855137588964, guid: 6281cf52d27b70c47b59654eac640348,
        type: 3}
      propertyPath: m_LocalEulerAnglesHint.y
      value: 0
      objectReference: {fileID: 0}
    - target: {fileID: 4336912855137588964, guid: 6281cf52d27b70c47b59654eac640348,
        type: 3}
      propertyPath: m_LocalEulerAnglesHint.z
      value: 0
      objectReference: {fileID: 0}
    - target: {fileID: 4336912855137588965, guid: 6281cf52d27b70c47b59654eac640348,
        type: 3}
      propertyPath: m_Name
      value: RoomAA-4D
      objectReference: {fileID: 0}
    - target: {fileID: 4336912855137588970, guid: 6281cf52d27b70c47b59654eac640348,
        type: 3}
      propertyPath: entrances.Array.size
      value: 4
      objectReference: {fileID: 0}
    - target: {fileID: 4336912855137588970, guid: 6281cf52d27b70c47b59654eac640348,
        type: 3}
      propertyPath: objSpawnNodes.Array.size
      value: 4
      objectReference: {fileID: 0}
    - target: {fileID: 4336912855137588970, guid: 6281cf52d27b70c47b59654eac640348,
        type: 3}
      propertyPath: entrances.Array.data[0]
      value: 
      objectReference: {fileID: 6471530500153730538}
    - target: {fileID: 4336912855137588970, guid: 6281cf52d27b70c47b59654eac640348,
        type: 3}
      propertyPath: entrances.Array.data[1]
      value: 
      objectReference: {fileID: 1623446055126267703}
    - target: {fileID: 4336912855137588970, guid: 6281cf52d27b70c47b59654eac640348,
        type: 3}
      propertyPath: entrances.Array.data[2]
      value: 
      objectReference: {fileID: 3587403786897943415}
    - target: {fileID: 4336912855137588970, guid: 6281cf52d27b70c47b59654eac640348,
        type: 3}
      propertyPath: entrances.Array.data[3]
      value: 
      objectReference: {fileID: 1640085429439397838}
    - target: {fileID: 4336912855137588970, guid: 6281cf52d27b70c47b59654eac640348,
        type: 3}
      propertyPath: objSpawnNodes.Array.data[0]
      value: 
      objectReference: {fileID: 6884954586623860712}
    - target: {fileID: 4336912855137588970, guid: 6281cf52d27b70c47b59654eac640348,
        type: 3}
      propertyPath: objSpawnNodes.Array.data[1]
      value: 
      objectReference: {fileID: 5195723524650555323}
    - target: {fileID: 4336912855137588970, guid: 6281cf52d27b70c47b59654eac640348,
        type: 3}
      propertyPath: objSpawnNodes.Array.data[2]
      value: 
      objectReference: {fileID: 1809931803014178435}
    - target: {fileID: 4336912855137588970, guid: 6281cf52d27b70c47b59654eac640348,
        type: 3}
      propertyPath: objSpawnNodes.Array.data[3]
      value: 
      objectReference: {fileID: 3184185691455769305}
    m_RemovedComponents: []
  m_SourcePrefab: {fileID: 100100000, guid: 6281cf52d27b70c47b59654eac640348, type: 3}
--- !u!4 &1560512270529011225 stripped
Transform:
  m_CorrespondingSourceObject: {fileID: 4336912857129081390, guid: 6281cf52d27b70c47b59654eac640348,
    type: 3}
  m_PrefabInstance: {fileID: 2992574777480561719}
  m_PrefabAsset: {fileID: 0}
--- !u!4 &5625319413329076605 stripped
Transform:
  m_CorrespondingSourceObject: {fileID: 7464405033142150474, guid: 6281cf52d27b70c47b59654eac640348,
    type: 3}
  m_PrefabInstance: {fileID: 2992574777480561719}
  m_PrefabAsset: {fileID: 0}
--- !u!1001 &3362418035619815010
PrefabInstance:
  m_ObjectHideFlags: 0
  serializedVersion: 2
  m_Modification:
    m_TransformParent: {fileID: 1560512270529011225}
    m_Modifications:
    - target: {fileID: 8728421205475432442, guid: 403f4a2cedee41644af967d6c5ed240e,
        type: 3}
      propertyPath: m_Name
      value: EntranceA
      objectReference: {fileID: 0}
    - target: {fileID: 8728421205475432443, guid: 403f4a2cedee41644af967d6c5ed240e,
        type: 3}
      propertyPath: m_LocalPosition.x
      value: 10.05
      objectReference: {fileID: 0}
    - target: {fileID: 8728421205475432443, guid: 403f4a2cedee41644af967d6c5ed240e,
        type: 3}
      propertyPath: m_LocalPosition.y
      value: 0
      objectReference: {fileID: 0}
    - target: {fileID: 8728421205475432443, guid: 403f4a2cedee41644af967d6c5ed240e,
        type: 3}
      propertyPath: m_LocalPosition.z
      value: 0
      objectReference: {fileID: 0}
    - target: {fileID: 8728421205475432443, guid: 403f4a2cedee41644af967d6c5ed240e,
        type: 3}
      propertyPath: m_LocalRotation.x
      value: -0
      objectReference: {fileID: 0}
    - target: {fileID: 8728421205475432443, guid: 403f4a2cedee41644af967d6c5ed240e,
        type: 3}
      propertyPath: m_LocalRotation.y
      value: 0.7071068
      objectReference: {fileID: 0}
    - target: {fileID: 8728421205475432443, guid: 403f4a2cedee41644af967d6c5ed240e,
        type: 3}
      propertyPath: m_LocalRotation.z
      value: -0
      objectReference: {fileID: 0}
    - target: {fileID: 8728421205475432443, guid: 403f4a2cedee41644af967d6c5ed240e,
        type: 3}
      propertyPath: m_LocalRotation.w
      value: 0.7071068
      objectReference: {fileID: 0}
    - target: {fileID: 8728421205475432443, guid: 403f4a2cedee41644af967d6c5ed240e,
        type: 3}
      propertyPath: m_RootOrder
      value: 0
      objectReference: {fileID: 0}
    - target: {fileID: 8728421205475432443, guid: 403f4a2cedee41644af967d6c5ed240e,
        type: 3}
      propertyPath: m_LocalEulerAnglesHint.x
      value: 0
      objectReference: {fileID: 0}
    - target: {fileID: 8728421205475432443, guid: 403f4a2cedee41644af967d6c5ed240e,
        type: 3}
      propertyPath: m_LocalEulerAnglesHint.y
      value: 90
      objectReference: {fileID: 0}
    - target: {fileID: 8728421205475432443, guid: 403f4a2cedee41644af967d6c5ed240e,
        type: 3}
      propertyPath: m_LocalEulerAnglesHint.z
      value: 0
      objectReference: {fileID: 0}
    m_RemovedComponents: []
  m_SourcePrefab: {fileID: 100100000, guid: 403f4a2cedee41644af967d6c5ed240e, type: 3}
--- !u!114 &6471530500153730538 stripped
MonoBehaviour:
  m_CorrespondingSourceObject: {fileID: 8603788235333221256, guid: 403f4a2cedee41644af967d6c5ed240e,
    type: 3}
  m_PrefabInstance: {fileID: 3362418035619815010}
  m_PrefabAsset: {fileID: 0}
  m_GameObject: {fileID: 0}
  m_Enabled: 1
  m_EditorHideFlags: 0
  m_Script: {fileID: 11500000, guid: 41a6475a9d14b2945ba40edef560c159, type: 3}
  m_Name: 
  m_EditorClassIdentifier: 
--- !u!1001 &5093517766582456575
PrefabInstance:
  m_ObjectHideFlags: 0
  serializedVersion: 2
  m_Modification:
    m_TransformParent: {fileID: 1560512270529011225}
    m_Modifications:
    - target: {fileID: 8728421205475432442, guid: 403f4a2cedee41644af967d6c5ed240e,
        type: 3}
      propertyPath: m_Name
      value: EntranceC
      objectReference: {fileID: 0}
    - target: {fileID: 8728421205475432443, guid: 403f4a2cedee41644af967d6c5ed240e,
        type: 3}
      propertyPath: m_LocalPosition.x
      value: 0
      objectReference: {fileID: 0}
    - target: {fileID: 8728421205475432443, guid: 403f4a2cedee41644af967d6c5ed240e,
        type: 3}
      propertyPath: m_LocalPosition.y
      value: 0
      objectReference: {fileID: 0}
    - target: {fileID: 8728421205475432443, guid: 403f4a2cedee41644af967d6c5ed240e,
        type: 3}
      propertyPath: m_LocalPosition.z
      value: -10.05
      objectReference: {fileID: 0}
    - target: {fileID: 8728421205475432443, guid: 403f4a2cedee41644af967d6c5ed240e,
        type: 3}
      propertyPath: m_LocalRotation.x
      value: -0
      objectReference: {fileID: 0}
    - target: {fileID: 8728421205475432443, guid: 403f4a2cedee41644af967d6c5ed240e,
        type: 3}
      propertyPath: m_LocalRotation.y
      value: 1
      objectReference: {fileID: 0}
    - target: {fileID: 8728421205475432443, guid: 403f4a2cedee41644af967d6c5ed240e,
        type: 3}
      propertyPath: m_LocalRotation.z
      value: -0
      objectReference: {fileID: 0}
    - target: {fileID: 8728421205475432443, guid: 403f4a2cedee41644af967d6c5ed240e,
        type: 3}
      propertyPath: m_LocalRotation.w
      value: 0
      objectReference: {fileID: 0}
    - target: {fileID: 8728421205475432443, guid: 403f4a2cedee41644af967d6c5ed240e,
        type: 3}
      propertyPath: m_RootOrder
      value: 2
      objectReference: {fileID: 0}
    - target: {fileID: 8728421205475432443, guid: 403f4a2cedee41644af967d6c5ed240e,
        type: 3}
      propertyPath: m_LocalEulerAnglesHint.x
      value: 0
      objectReference: {fileID: 0}
    - target: {fileID: 8728421205475432443, guid: 403f4a2cedee41644af967d6c5ed240e,
        type: 3}
      propertyPath: m_LocalEulerAnglesHint.y
      value: 180
      objectReference: {fileID: 0}
    - target: {fileID: 8728421205475432443, guid: 403f4a2cedee41644af967d6c5ed240e,
        type: 3}
      propertyPath: m_LocalEulerAnglesHint.z
      value: 0
      objectReference: {fileID: 0}
    m_RemovedComponents: []
  m_SourcePrefab: {fileID: 100100000, guid: 403f4a2cedee41644af967d6c5ed240e, type: 3}
--- !u!114 &3587403786897943415 stripped
MonoBehaviour:
  m_CorrespondingSourceObject: {fileID: 8603788235333221256, guid: 403f4a2cedee41644af967d6c5ed240e,
    type: 3}
  m_PrefabInstance: {fileID: 5093517766582456575}
  m_PrefabAsset: {fileID: 0}
  m_GameObject: {fileID: 0}
  m_Enabled: 1
  m_EditorHideFlags: 0
  m_Script: {fileID: 11500000, guid: 41a6475a9d14b2945ba40edef560c159, type: 3}
  m_Name: 
  m_EditorClassIdentifier: 
--- !u!1001 &7035760417582335046
PrefabInstance:
  m_ObjectHideFlags: 0
  serializedVersion: 2
  m_Modification:
    m_TransformParent: {fileID: 1560512270529011225}
    m_Modifications:
    - target: {fileID: 8728421205475432442, guid: 403f4a2cedee41644af967d6c5ed240e,
        type: 3}
      propertyPath: m_Name
      value: EntranceD
      objectReference: {fileID: 0}
    - target: {fileID: 8728421205475432443, guid: 403f4a2cedee41644af967d6c5ed240e,
        type: 3}
      propertyPath: m_LocalPosition.x
      value: -10.05
      objectReference: {fileID: 0}
    - target: {fileID: 8728421205475432443, guid: 403f4a2cedee41644af967d6c5ed240e,
        type: 3}
      propertyPath: m_LocalPosition.y
      value: 0
      objectReference: {fileID: 0}
    - target: {fileID: 8728421205475432443, guid: 403f4a2cedee41644af967d6c5ed240e,
        type: 3}
      propertyPath: m_LocalPosition.z
      value: 0
      objectReference: {fileID: 0}
    - target: {fileID: 8728421205475432443, guid: 403f4a2cedee41644af967d6c5ed240e,
        type: 3}
      propertyPath: m_LocalRotation.x
      value: -0
      objectReference: {fileID: 0}
    - target: {fileID: 8728421205475432443, guid: 403f4a2cedee41644af967d6c5ed240e,
        type: 3}
      propertyPath: m_LocalRotation.y
      value: -0.7071068
      objectReference: {fileID: 0}
    - target: {fileID: 8728421205475432443, guid: 403f4a2cedee41644af967d6c5ed240e,
        type: 3}
      propertyPath: m_LocalRotation.z
      value: -0
      objectReference: {fileID: 0}
    - target: {fileID: 8728421205475432443, guid: 403f4a2cedee41644af967d6c5ed240e,
        type: 3}
      propertyPath: m_LocalRotation.w
      value: 0.7071068
      objectReference: {fileID: 0}
    - target: {fileID: 8728421205475432443, guid: 403f4a2cedee41644af967d6c5ed240e,
        type: 3}
      propertyPath: m_RootOrder
      value: 3
      objectReference: {fileID: 0}
    - target: {fileID: 8728421205475432443, guid: 403f4a2cedee41644af967d6c5ed240e,
        type: 3}
      propertyPath: m_LocalEulerAnglesHint.x
      value: 0
      objectReference: {fileID: 0}
    - target: {fileID: 8728421205475432443, guid: 403f4a2cedee41644af967d6c5ed240e,
        type: 3}
      propertyPath: m_LocalEulerAnglesHint.y
      value: -90
      objectReference: {fileID: 0}
    - target: {fileID: 8728421205475432443, guid: 403f4a2cedee41644af967d6c5ed240e,
        type: 3}
      propertyPath: m_LocalEulerAnglesHint.z
      value: 0
      objectReference: {fileID: 0}
    m_RemovedComponents: []
  m_SourcePrefab: {fileID: 100100000, guid: 403f4a2cedee41644af967d6c5ed240e, type: 3}
--- !u!114 &1640085429439397838 stripped
MonoBehaviour:
  m_CorrespondingSourceObject: {fileID: 8603788235333221256, guid: 403f4a2cedee41644af967d6c5ed240e,
    type: 3}
  m_PrefabInstance: {fileID: 7035760417582335046}
  m_PrefabAsset: {fileID: 0}
  m_GameObject: {fileID: 0}
  m_Enabled: 1
  m_EditorHideFlags: 0
  m_Script: {fileID: 11500000, guid: 41a6475a9d14b2945ba40edef560c159, type: 3}
  m_Name: 
  m_EditorClassIdentifier: 
--- !u!1001 &7053033138116086975
PrefabInstance:
  m_ObjectHideFlags: 0
  serializedVersion: 2
  m_Modification:
    m_TransformParent: {fileID: 1560512270529011225}
    m_Modifications:
    - target: {fileID: 8728421205475432442, guid: 403f4a2cedee41644af967d6c5ed240e,
        type: 3}
      propertyPath: m_Name
      value: EntranceB
      objectReference: {fileID: 0}
    - target: {fileID: 8728421205475432443, guid: 403f4a2cedee41644af967d6c5ed240e,
        type: 3}
      propertyPath: m_LocalPosition.x
      value: 0
      objectReference: {fileID: 0}
    - target: {fileID: 8728421205475432443, guid: 403f4a2cedee41644af967d6c5ed240e,
        type: 3}
      propertyPath: m_LocalPosition.y
      value: 0
      objectReference: {fileID: 0}
    - target: {fileID: 8728421205475432443, guid: 403f4a2cedee41644af967d6c5ed240e,
        type: 3}
      propertyPath: m_LocalPosition.z
      value: 10.050001
      objectReference: {fileID: 0}
    - target: {fileID: 8728421205475432443, guid: 403f4a2cedee41644af967d6c5ed240e,
        type: 3}
      propertyPath: m_LocalRotation.x
      value: -0
      objectReference: {fileID: 0}
    - target: {fileID: 8728421205475432443, guid: 403f4a2cedee41644af967d6c5ed240e,
        type: 3}
      propertyPath: m_LocalRotation.y
      value: -0
      objectReference: {fileID: 0}
    - target: {fileID: 8728421205475432443, guid: 403f4a2cedee41644af967d6c5ed240e,
        type: 3}
      propertyPath: m_LocalRotation.z
      value: -0
      objectReference: {fileID: 0}
    - target: {fileID: 8728421205475432443, guid: 403f4a2cedee41644af967d6c5ed240e,
        type: 3}
      propertyPath: m_LocalRotation.w
      value: 1
      objectReference: {fileID: 0}
    - target: {fileID: 8728421205475432443, guid: 403f4a2cedee41644af967d6c5ed240e,
        type: 3}
      propertyPath: m_RootOrder
      value: 1
      objectReference: {fileID: 0}
    - target: {fileID: 8728421205475432443, guid: 403f4a2cedee41644af967d6c5ed240e,
        type: 3}
      propertyPath: m_LocalEulerAnglesHint.x
      value: 0
      objectReference: {fileID: 0}
    - target: {fileID: 8728421205475432443, guid: 403f4a2cedee41644af967d6c5ed240e,
        type: 3}
      propertyPath: m_LocalEulerAnglesHint.y
      value: 0
      objectReference: {fileID: 0}
    - target: {fileID: 8728421205475432443, guid: 403f4a2cedee41644af967d6c5ed240e,
        type: 3}
      propertyPath: m_LocalEulerAnglesHint.z
      value: 0
      objectReference: {fileID: 0}
    m_RemovedComponents: []
  m_SourcePrefab: {fileID: 100100000, guid: 403f4a2cedee41644af967d6c5ed240e, type: 3}
--- !u!114 &1623446055126267703 stripped
MonoBehaviour:
  m_CorrespondingSourceObject: {fileID: 8603788235333221256, guid: 403f4a2cedee41644af967d6c5ed240e,
    type: 3}
  m_PrefabInstance: {fileID: 7053033138116086975}
  m_PrefabAsset: {fileID: 0}
  m_GameObject: {fileID: 0}
  m_Enabled: 1
  m_EditorHideFlags: 0
  m_Script: {fileID: 11500000, guid: 41a6475a9d14b2945ba40edef560c159, type: 3}
  m_Name: 
  m_EditorClassIdentifier: 
