%YAML 1.1
%TAG !u! tag:unity3d.com,2011:
--- !u!1 &1200293866272530106
GameObject:
  m_ObjectHideFlags: 0
  m_CorrespondingSourceObject: {fileID: 0}
  m_PrefabInstance: {fileID: 0}
  m_PrefabAsset: {fileID: 0}
  serializedVersion: 6
  m_Component:
  - component: {fileID: 8863566192204934118}
  - component: {fileID: 5446174911999361084}
  m_Layer: 0
  m_Name: NodeD
  m_TagString: Untagged
  m_Icon: {fileID: 0}
  m_NavMeshLayer: 0
  m_StaticEditorFlags: 0
  m_IsActive: 1
--- !u!4 &8863566192204934118
Transform:
  m_ObjectHideFlags: 0
  m_CorrespondingSourceObject: {fileID: 0}
  m_PrefabInstance: {fileID: 0}
  m_PrefabAsset: {fileID: 0}
  m_GameObject: {fileID: 1200293866272530106}
  m_LocalRotation: {x: -0, y: 0.9238796, z: -0, w: -0.38268325}
  m_LocalPosition: {x: 3, y: 0.5, z: 3}
  m_LocalScale: {x: 1, y: 1, z: 1}
  m_Children: []
  m_Father: {fileID: 993178467028778601}
  m_RootOrder: 3
  m_LocalEulerAnglesHint: {x: 0, y: 225, z: 0}
--- !u!114 &5446174911999361084
MonoBehaviour:
  m_ObjectHideFlags: 0
  m_CorrespondingSourceObject: {fileID: 0}
  m_PrefabInstance: {fileID: 0}
  m_PrefabAsset: {fileID: 0}
  m_GameObject: {fileID: 1200293866272530106}
  m_Enabled: 1
  m_EditorHideFlags: 0
  m_Script: {fileID: 11500000, guid: c24ebd06f2600f74da0601e4834f2d14, type: 3}
  m_Name: 
  m_EditorClassIdentifier: 
  spawnAsActive: 1
  isObjectPoolManaged: 1
  spawnDelay: 0
  postSpawnDelay: 0
  OnSpawn:
    m_PersistentCalls:
      m_Calls: []
  OnPostSpawn:
    m_PersistentCalls:
      m_Calls: []
  listNames:
  - Spheres
  - Cubes
--- !u!1 &4684762961358290683
GameObject:
  m_ObjectHideFlags: 0
  m_CorrespondingSourceObject: {fileID: 0}
  m_PrefabInstance: {fileID: 0}
  m_PrefabAsset: {fileID: 0}
  serializedVersion: 6
  m_Component:
  - component: {fileID: 6741131390146583562}
  - component: {fileID: 6398155501681025091}
  m_Layer: 0
  m_Name: NodeC
  m_TagString: Untagged
  m_Icon: {fileID: 0}
  m_NavMeshLayer: 0
  m_StaticEditorFlags: 0
  m_IsActive: 1
--- !u!4 &6741131390146583562
Transform:
  m_ObjectHideFlags: 0
  m_CorrespondingSourceObject: {fileID: 0}
  m_PrefabInstance: {fileID: 0}
  m_PrefabAsset: {fileID: 0}
  m_GameObject: {fileID: 4684762961358290683}
  m_LocalRotation: {x: -0, y: 0.92387956, z: -0, w: 0.38268343}
  m_LocalPosition: {x: -3, y: 0.5, z: 3}
  m_LocalScale: {x: 1, y: 1, z: 1}
  m_Children: []
  m_Father: {fileID: 993178467028778601}
  m_RootOrder: 2
  m_LocalEulerAnglesHint: {x: 0, y: 135, z: 0}
--- !u!114 &6398155501681025091
MonoBehaviour:
  m_ObjectHideFlags: 0
  m_CorrespondingSourceObject: {fileID: 0}
  m_PrefabInstance: {fileID: 0}
  m_PrefabAsset: {fileID: 0}
  m_GameObject: {fileID: 4684762961358290683}
  m_Enabled: 1
  m_EditorHideFlags: 0
  m_Script: {fileID: 11500000, guid: c24ebd06f2600f74da0601e4834f2d14, type: 3}
  m_Name: 
  m_EditorClassIdentifier: 
  spawnAsActive: 1
  isObjectPoolManaged: 1
  spawnDelay: 0
  postSpawnDelay: 0
  OnSpawn:
    m_PersistentCalls:
      m_Calls: []
  OnPostSpawn:
    m_PersistentCalls:
      m_Calls: []
  listNames:
  - Spheres
  - Cubes
--- !u!1 &7701478212581880263
GameObject:
  m_ObjectHideFlags: 0
  m_CorrespondingSourceObject: {fileID: 0}
  m_PrefabInstance: {fileID: 0}
  m_PrefabAsset: {fileID: 0}
  serializedVersion: 6
  m_Component:
  - component: {fileID: 1819872232206963061}
  - component: {fileID: 5937141583390535954}
  m_Layer: 0
  m_Name: NodeB
  m_TagString: Untagged
  m_Icon: {fileID: 0}
  m_NavMeshLayer: 0
  m_StaticEditorFlags: 0
  m_IsActive: 1
--- !u!4 &1819872232206963061
Transform:
  m_ObjectHideFlags: 0
  m_CorrespondingSourceObject: {fileID: 0}
  m_PrefabInstance: {fileID: 0}
  m_PrefabAsset: {fileID: 0}
  m_GameObject: {fileID: 7701478212581880263}
  m_LocalRotation: {x: -0, y: 0.38268343, z: -0, w: 0.92387956}
  m_LocalPosition: {x: -3, y: 0.5, z: -3}
  m_LocalScale: {x: 1, y: 1, z: 1}
  m_Children: []
  m_Father: {fileID: 993178467028778601}
  m_RootOrder: 1
  m_LocalEulerAnglesHint: {x: 0, y: 45, z: 0}
--- !u!114 &5937141583390535954
MonoBehaviour:
  m_ObjectHideFlags: 0
  m_CorrespondingSourceObject: {fileID: 0}
  m_PrefabInstance: {fileID: 0}
  m_PrefabAsset: {fileID: 0}
  m_GameObject: {fileID: 7701478212581880263}
  m_Enabled: 1
  m_EditorHideFlags: 0
  m_Script: {fileID: 11500000, guid: c24ebd06f2600f74da0601e4834f2d14, type: 3}
  m_Name: 
  m_EditorClassIdentifier: 
  spawnAsActive: 1
  isObjectPoolManaged: 1
  spawnDelay: 0
  postSpawnDelay: 0
  OnSpawn:
    m_PersistentCalls:
      m_Calls: []
  OnPostSpawn:
    m_PersistentCalls:
      m_Calls: []
  listNames:
  - Spheres
  - Cubes
--- !u!1 &9023583813882534135
GameObject:
  m_ObjectHideFlags: 0
  m_CorrespondingSourceObject: {fileID: 0}
  m_PrefabInstance: {fileID: 0}
  m_PrefabAsset: {fileID: 0}
  serializedVersion: 6
  m_Component:
  - component: {fileID: 4510487514713213552}
  - component: {fileID: 1327215523452677286}
  m_Layer: 0
  m_Name: NodeA
  m_TagString: Untagged
  m_Icon: {fileID: 0}
  m_NavMeshLayer: 0
  m_StaticEditorFlags: 0
  m_IsActive: 1
--- !u!4 &4510487514713213552
Transform:
  m_ObjectHideFlags: 0
  m_CorrespondingSourceObject: {fileID: 0}
  m_PrefabInstance: {fileID: 0}
  m_PrefabAsset: {fileID: 0}
  m_GameObject: {fileID: 9023583813882534135}
  m_LocalRotation: {x: -0, y: -0.38268343, z: -0, w: 0.92387956}
  m_LocalPosition: {x: 3, y: 0.5, z: -3}
  m_LocalScale: {x: 1, y: 1, z: 1}
  m_Children: []
  m_Father: {fileID: 993178467028778601}
  m_RootOrder: 0
  m_LocalEulerAnglesHint: {x: 0, y: -45, z: 0}
--- !u!114 &1327215523452677286
MonoBehaviour:
  m_ObjectHideFlags: 0
  m_CorrespondingSourceObject: {fileID: 0}
  m_PrefabInstance: {fileID: 0}
  m_PrefabAsset: {fileID: 0}
  m_GameObject: {fileID: 9023583813882534135}
  m_Enabled: 1
  m_EditorHideFlags: 0
  m_Script: {fileID: 11500000, guid: c24ebd06f2600f74da0601e4834f2d14, type: 3}
  m_Name: 
  m_EditorClassIdentifier: 
  spawnAsActive: 1
  isObjectPoolManaged: 1
  spawnDelay: 0
  postSpawnDelay: 0
  OnSpawn:
    m_PersistentCalls:
      m_Calls: []
  OnPostSpawn:
    m_PersistentCalls:
      m_Calls: []
  listNames:
  - Spheres
  - Cubes
--- !u!1001 &4497369950587283313
PrefabInstance:
  m_ObjectHideFlags: 0
  serializedVersion: 2
  m_Modification:
    m_TransformParent: {fileID: 5415673793295121609}
    m_Modifications:
    - target: {fileID: 8728421205475432442, guid: 403f4a2cedee41644af967d6c5ed240e,
        type: 3}
      propertyPath: m_Name
      value: EntranceD
      objectReference: {fileID: 0}
    - target: {fileID: 8728421205475432443, guid: 403f4a2cedee41644af967d6c5ed240e,
        type: 3}
      propertyPath: m_LocalPosition.x
      value: -5.05
      objectReference: {fileID: 0}
    - target: {fileID: 8728421205475432443, guid: 403f4a2cedee41644af967d6c5ed240e,
        type: 3}
      propertyPath: m_LocalPosition.y
      value: 0
      objectReference: {fileID: 0}
    - target: {fileID: 8728421205475432443, guid: 403f4a2cedee41644af967d6c5ed240e,
        type: 3}
      propertyPath: m_LocalPosition.z
      value: 0
      objectReference: {fileID: 0}
    - target: {fileID: 8728421205475432443, guid: 403f4a2cedee41644af967d6c5ed240e,
        type: 3}
      propertyPath: m_LocalRotation.x
      value: -0
      objectReference: {fileID: 0}
    - target: {fileID: 8728421205475432443, guid: 403f4a2cedee41644af967d6c5ed240e,
        type: 3}
      propertyPath: m_LocalRotation.y
      value: -0.7071068
      objectReference: {fileID: 0}
    - target: {fileID: 8728421205475432443, guid: 403f4a2cedee41644af967d6c5ed240e,
        type: 3}
      propertyPath: m_LocalRotation.z
      value: -0
      objectReference: {fileID: 0}
    - target: {fileID: 8728421205475432443, guid: 403f4a2cedee41644af967d6c5ed240e,
        type: 3}
      propertyPath: m_LocalRotation.w
      value: 0.7071068
      objectReference: {fileID: 0}
    - target: {fileID: 8728421205475432443, guid: 403f4a2cedee41644af967d6c5ed240e,
        type: 3}
      propertyPath: m_RootOrder
      value: 3
      objectReference: {fileID: 0}
    - target: {fileID: 8728421205475432443, guid: 403f4a2cedee41644af967d6c5ed240e,
        type: 3}
      propertyPath: m_LocalEulerAnglesHint.x
      value: 0
      objectReference: {fileID: 0}
    - target: {fileID: 8728421205475432443, guid: 403f4a2cedee41644af967d6c5ed240e,
        type: 3}
      propertyPath: m_LocalEulerAnglesHint.y
      value: -90
      objectReference: {fileID: 0}
    - target: {fileID: 8728421205475432443, guid: 403f4a2cedee41644af967d6c5ed240e,
        type: 3}
      propertyPath: m_LocalEulerAnglesHint.z
      value: 0
      objectReference: {fileID: 0}
    m_RemovedComponents: []
  m_SourcePrefab: {fileID: 100100000, guid: 403f4a2cedee41644af967d6c5ed240e, type: 3}
--- !u!114 &5264450631061331193 stripped
MonoBehaviour:
  m_CorrespondingSourceObject: {fileID: 8603788235333221256, guid: 403f4a2cedee41644af967d6c5ed240e,
    type: 3}
  m_PrefabInstance: {fileID: 4497369950587283313}
  m_PrefabAsset: {fileID: 0}
  m_GameObject: {fileID: 0}
  m_Enabled: 1
  m_EditorHideFlags: 0
  m_Script: {fileID: 11500000, guid: 41a6475a9d14b2945ba40edef560c159, type: 3}
  m_Name: 
  m_EditorClassIdentifier: 
--- !u!1001 &5359534472674319944
PrefabInstance:
  m_ObjectHideFlags: 0
  serializedVersion: 2
  m_Modification:
    m_TransformParent: {fileID: 5415673793295121609}
    m_Modifications:
    - target: {fileID: 8728421205475432442, guid: 403f4a2cedee41644af967d6c5ed240e,
        type: 3}
      propertyPath: m_Name
      value: EntranceA
      objectReference: {fileID: 0}
    - target: {fileID: 8728421205475432443, guid: 403f4a2cedee41644af967d6c5ed240e,
        type: 3}
      propertyPath: m_LocalPosition.x
      value: 5.05
      objectReference: {fileID: 0}
    - target: {fileID: 8728421205475432443, guid: 403f4a2cedee41644af967d6c5ed240e,
        type: 3}
      propertyPath: m_LocalPosition.y
      value: 0
      objectReference: {fileID: 0}
    - target: {fileID: 8728421205475432443, guid: 403f4a2cedee41644af967d6c5ed240e,
        type: 3}
      propertyPath: m_LocalPosition.z
      value: 0
      objectReference: {fileID: 0}
    - target: {fileID: 8728421205475432443, guid: 403f4a2cedee41644af967d6c5ed240e,
        type: 3}
      propertyPath: m_LocalRotation.x
      value: -0
      objectReference: {fileID: 0}
    - target: {fileID: 8728421205475432443, guid: 403f4a2cedee41644af967d6c5ed240e,
        type: 3}
      propertyPath: m_LocalRotation.y
      value: 0.7071068
      objectReference: {fileID: 0}
    - target: {fileID: 8728421205475432443, guid: 403f4a2cedee41644af967d6c5ed240e,
        type: 3}
      propertyPath: m_LocalRotation.z
      value: -0
      objectReference: {fileID: 0}
    - target: {fileID: 8728421205475432443, guid: 403f4a2cedee41644af967d6c5ed240e,
        type: 3}
      propertyPath: m_LocalRotation.w
      value: 0.7071068
      objectReference: {fileID: 0}
    - target: {fileID: 8728421205475432443, guid: 403f4a2cedee41644af967d6c5ed240e,
        type: 3}
      propertyPath: m_RootOrder
      value: 0
      objectReference: {fileID: 0}
    - target: {fileID: 8728421205475432443, guid: 403f4a2cedee41644af967d6c5ed240e,
        type: 3}
      propertyPath: m_LocalEulerAnglesHint.x
      value: 0
      objectReference: {fileID: 0}
    - target: {fileID: 8728421205475432443, guid: 403f4a2cedee41644af967d6c5ed240e,
        type: 3}
      propertyPath: m_LocalEulerAnglesHint.y
      value: 90
      objectReference: {fileID: 0}
    - target: {fileID: 8728421205475432443, guid: 403f4a2cedee41644af967d6c5ed240e,
        type: 3}
      propertyPath: m_LocalEulerAnglesHint.z
      value: 0
      objectReference: {fileID: 0}
    m_RemovedComponents: []
  m_SourcePrefab: {fileID: 100100000, guid: 403f4a2cedee41644af967d6c5ed240e, type: 3}
--- !u!114 &4397254743623083456 stripped
MonoBehaviour:
  m_CorrespondingSourceObject: {fileID: 8603788235333221256, guid: 403f4a2cedee41644af967d6c5ed240e,
    type: 3}
  m_PrefabInstance: {fileID: 5359534472674319944}
  m_PrefabAsset: {fileID: 0}
  m_GameObject: {fileID: 0}
  m_Enabled: 1
  m_EditorHideFlags: 0
  m_Script: {fileID: 11500000, guid: 41a6475a9d14b2945ba40edef560c159, type: 3}
  m_Name: 
  m_EditorClassIdentifier: 
--- !u!1001 &7486552963110961707
PrefabInstance:
  m_ObjectHideFlags: 0
  serializedVersion: 2
  m_Modification:
    m_TransformParent: {fileID: 5415673793295121609}
    m_Modifications:
    - target: {fileID: 8728421205475432442, guid: 403f4a2cedee41644af967d6c5ed240e,
        type: 3}
      propertyPath: m_Name
      value: EntranceC
      objectReference: {fileID: 0}
    - target: {fileID: 8728421205475432443, guid: 403f4a2cedee41644af967d6c5ed240e,
        type: 3}
      propertyPath: m_LocalPosition.x
      value: 0
      objectReference: {fileID: 0}
    - target: {fileID: 8728421205475432443, guid: 403f4a2cedee41644af967d6c5ed240e,
        type: 3}
      propertyPath: m_LocalPosition.y
      value: 0
      objectReference: {fileID: 0}
    - target: {fileID: 8728421205475432443, guid: 403f4a2cedee41644af967d6c5ed240e,
        type: 3}
      propertyPath: m_LocalPosition.z
      value: -5.05
      objectReference: {fileID: 0}
    - target: {fileID: 8728421205475432443, guid: 403f4a2cedee41644af967d6c5ed240e,
        type: 3}
      propertyPath: m_LocalRotation.x
      value: -0
      objectReference: {fileID: 0}
    - target: {fileID: 8728421205475432443, guid: 403f4a2cedee41644af967d6c5ed240e,
        type: 3}
      propertyPath: m_LocalRotation.y
      value: 1
      objectReference: {fileID: 0}
    - target: {fileID: 8728421205475432443, guid: 403f4a2cedee41644af967d6c5ed240e,
        type: 3}
      propertyPath: m_LocalRotation.z
      value: -0
      objectReference: {fileID: 0}
    - target: {fileID: 8728421205475432443, guid: 403f4a2cedee41644af967d6c5ed240e,
        type: 3}
      propertyPath: m_LocalRotation.w
      value: 0
      objectReference: {fileID: 0}
    - target: {fileID: 8728421205475432443, guid: 403f4a2cedee41644af967d6c5ed240e,
        type: 3}
      propertyPath: m_RootOrder
      value: 2
      objectReference: {fileID: 0}
    - target: {fileID: 8728421205475432443, guid: 403f4a2cedee41644af967d6c5ed240e,
        type: 3}
      propertyPath: m_LocalEulerAnglesHint.x
      value: 0
      objectReference: {fileID: 0}
    - target: {fileID: 8728421205475432443, guid: 403f4a2cedee41644af967d6c5ed240e,
        type: 3}
      propertyPath: m_LocalEulerAnglesHint.y
      value: 180
      objectReference: {fileID: 0}
    - target: {fileID: 8728421205475432443, guid: 403f4a2cedee41644af967d6c5ed240e,
        type: 3}
      propertyPath: m_LocalEulerAnglesHint.z
      value: 0
      objectReference: {fileID: 0}
    m_RemovedComponents: []
  m_SourcePrefab: {fileID: 100100000, guid: 403f4a2cedee41644af967d6c5ed240e, type: 3}
--- !u!114 &1189899805478369699 stripped
MonoBehaviour:
  m_CorrespondingSourceObject: {fileID: 8603788235333221256, guid: 403f4a2cedee41644af967d6c5ed240e,
    type: 3}
  m_PrefabInstance: {fileID: 7486552963110961707}
  m_PrefabAsset: {fileID: 0}
  m_GameObject: {fileID: 0}
  m_Enabled: 1
  m_EditorHideFlags: 0
  m_Script: {fileID: 11500000, guid: 41a6475a9d14b2945ba40edef560c159, type: 3}
  m_Name: 
  m_EditorClassIdentifier: 
--- !u!1001 &8132684583317116012
PrefabInstance:
  m_ObjectHideFlags: 0
  serializedVersion: 2
  m_Modification:
    m_TransformParent: {fileID: 5415673793295121609}
    m_Modifications:
    - target: {fileID: 8728421205475432442, guid: 403f4a2cedee41644af967d6c5ed240e,
        type: 3}
      propertyPath: m_Name
      value: EntranceB
      objectReference: {fileID: 0}
    - target: {fileID: 8728421205475432443, guid: 403f4a2cedee41644af967d6c5ed240e,
        type: 3}
      propertyPath: m_LocalPosition.x
      value: 0
      objectReference: {fileID: 0}
    - target: {fileID: 8728421205475432443, guid: 403f4a2cedee41644af967d6c5ed240e,
        type: 3}
      propertyPath: m_LocalPosition.y
      value: 0
      objectReference: {fileID: 0}
    - target: {fileID: 8728421205475432443, guid: 403f4a2cedee41644af967d6c5ed240e,
        type: 3}
      propertyPath: m_LocalPosition.z
      value: 5.05
      objectReference: {fileID: 0}
    - target: {fileID: 8728421205475432443, guid: 403f4a2cedee41644af967d6c5ed240e,
        type: 3}
      propertyPath: m_LocalRotation.x
      value: -0
      objectReference: {fileID: 0}
    - target: {fileID: 8728421205475432443, guid: 403f4a2cedee41644af967d6c5ed240e,
        type: 3}
      propertyPath: m_LocalRotation.y
      value: -0
      objectReference: {fileID: 0}
    - target: {fileID: 8728421205475432443, guid: 403f4a2cedee41644af967d6c5ed240e,
        type: 3}
      propertyPath: m_LocalRotation.z
      value: -0
      objectReference: {fileID: 0}
    - target: {fileID: 8728421205475432443, guid: 403f4a2cedee41644af967d6c5ed240e,
        type: 3}
      propertyPath: m_LocalRotation.w
      value: 1
      objectReference: {fileID: 0}
    - target: {fileID: 8728421205475432443, guid: 403f4a2cedee41644af967d6c5ed240e,
        type: 3}
      propertyPath: m_RootOrder
      value: 1
      objectReference: {fileID: 0}
    - target: {fileID: 8728421205475432443, guid: 403f4a2cedee41644af967d6c5ed240e,
        type: 3}
      propertyPath: m_LocalEulerAnglesHint.x
      value: 0
      objectReference: {fileID: 0}
    - target: {fileID: 8728421205475432443, guid: 403f4a2cedee41644af967d6c5ed240e,
        type: 3}
      propertyPath: m_LocalEulerAnglesHint.y
      value: 0
      objectReference: {fileID: 0}
    - target: {fileID: 8728421205475432443, guid: 403f4a2cedee41644af967d6c5ed240e,
        type: 3}
      propertyPath: m_LocalEulerAnglesHint.z
      value: 0
      objectReference: {fileID: 0}
    m_RemovedComponents: []
  m_SourcePrefab: {fileID: 100100000, guid: 403f4a2cedee41644af967d6c5ed240e, type: 3}
--- !u!114 &557270265505066980 stripped
MonoBehaviour:
  m_CorrespondingSourceObject: {fileID: 8603788235333221256, guid: 403f4a2cedee41644af967d6c5ed240e,
    type: 3}
  m_PrefabInstance: {fileID: 8132684583317116012}
  m_PrefabAsset: {fileID: 0}
  m_GameObject: {fileID: 0}
  m_Enabled: 1
  m_EditorHideFlags: 0
  m_Script: {fileID: 11500000, guid: 41a6475a9d14b2945ba40edef560c159, type: 3}
  m_Name: 
  m_EditorClassIdentifier: 
--- !u!1001 &8576993189343241959
PrefabInstance:
  m_ObjectHideFlags: 0
  serializedVersion: 2
  m_Modification:
    m_TransformParent: {fileID: 0}
    m_Modifications:
    - target: {fileID: 4336912855137588964, guid: 82dd7db5f6b59fa48ad085973cee600c,
        type: 3}
      propertyPath: m_LocalPosition.x
      value: 0
      objectReference: {fileID: 0}
    - target: {fileID: 4336912855137588964, guid: 82dd7db5f6b59fa48ad085973cee600c,
        type: 3}
      propertyPath: m_LocalPosition.y
      value: 0
      objectReference: {fileID: 0}
    - target: {fileID: 4336912855137588964, guid: 82dd7db5f6b59fa48ad085973cee600c,
        type: 3}
      propertyPath: m_LocalPosition.z
      value: 0
      objectReference: {fileID: 0}
    - target: {fileID: 4336912855137588964, guid: 82dd7db5f6b59fa48ad085973cee600c,
        type: 3}
      propertyPath: m_LocalRotation.x
      value: 0
      objectReference: {fileID: 0}
    - target: {fileID: 4336912855137588964, guid: 82dd7db5f6b59fa48ad085973cee600c,
        type: 3}
      propertyPath: m_LocalRotation.y
      value: 0
      objectReference: {fileID: 0}
    - target: {fileID: 4336912855137588964, guid: 82dd7db5f6b59fa48ad085973cee600c,
        type: 3}
      propertyPath: m_LocalRotation.z
      value: 0
      objectReference: {fileID: 0}
    - target: {fileID: 4336912855137588964, guid: 82dd7db5f6b59fa48ad085973cee600c,
        type: 3}
      propertyPath: m_LocalRotation.w
      value: 1
      objectReference: {fileID: 0}
    - target: {fileID: 4336912855137588964, guid: 82dd7db5f6b59fa48ad085973cee600c,
        type: 3}
      propertyPath: m_RootOrder
      value: 0
      objectReference: {fileID: 0}
    - target: {fileID: 4336912855137588964, guid: 82dd7db5f6b59fa48ad085973cee600c,
        type: 3}
      propertyPath: m_LocalEulerAnglesHint.x
      value: 0
      objectReference: {fileID: 0}
    - target: {fileID: 4336912855137588964, guid: 82dd7db5f6b59fa48ad085973cee600c,
        type: 3}
      propertyPath: m_LocalEulerAnglesHint.y
      value: 0
      objectReference: {fileID: 0}
    - target: {fileID: 4336912855137588964, guid: 82dd7db5f6b59fa48ad085973cee600c,
        type: 3}
      propertyPath: m_LocalEulerAnglesHint.z
      value: 0
      objectReference: {fileID: 0}
    - target: {fileID: 4336912855137588965, guid: 82dd7db5f6b59fa48ad085973cee600c,
        type: 3}
      propertyPath: m_Name
      value: RoomA-4D
      objectReference: {fileID: 0}
    - target: {fileID: 4336912855137588970, guid: 82dd7db5f6b59fa48ad085973cee600c,
        type: 3}
      propertyPath: entrances.Array.size
      value: 4
      objectReference: {fileID: 0}
    - target: {fileID: 4336912855137588970, guid: 82dd7db5f6b59fa48ad085973cee600c,
        type: 3}
      propertyPath: objSpawnNodes.Array.size
      value: 4
      objectReference: {fileID: 0}
    - target: {fileID: 4336912855137588970, guid: 82dd7db5f6b59fa48ad085973cee600c,
        type: 3}
      propertyPath: entrances.Array.data[0]
      value: 
      objectReference: {fileID: 4397254743623083456}
    - target: {fileID: 4336912855137588970, guid: 82dd7db5f6b59fa48ad085973cee600c,
        type: 3}
      propertyPath: entrances.Array.data[1]
      value: 
      objectReference: {fileID: 557270265505066980}
    - target: {fileID: 4336912855137588970, guid: 82dd7db5f6b59fa48ad085973cee600c,
        type: 3}
      propertyPath: entrances.Array.data[2]
      value: 
      objectReference: {fileID: 1189899805478369699}
    - target: {fileID: 4336912855137588970, guid: 82dd7db5f6b59fa48ad085973cee600c,
        type: 3}
      propertyPath: entrances.Array.data[3]
      value: 
      objectReference: {fileID: 5264450631061331193}
    - target: {fileID: 4336912855137588970, guid: 82dd7db5f6b59fa48ad085973cee600c,
        type: 3}
      propertyPath: objSpawnNodes.Array.data[0]
      value: 
      objectReference: {fileID: 1327215523452677286}
    - target: {fileID: 4336912855137588970, guid: 82dd7db5f6b59fa48ad085973cee600c,
        type: 3}
      propertyPath: objSpawnNodes.Array.data[1]
      value: 
      objectReference: {fileID: 5937141583390535954}
    - target: {fileID: 4336912855137588970, guid: 82dd7db5f6b59fa48ad085973cee600c,
        type: 3}
      propertyPath: objSpawnNodes.Array.data[2]
      value: 
      objectReference: {fileID: 6398155501681025091}
    - target: {fileID: 4336912855137588970, guid: 82dd7db5f6b59fa48ad085973cee600c,
        type: 3}
      propertyPath: objSpawnNodes.Array.data[3]
      value: 
      objectReference: {fileID: 5446174911999361084}
    - target: {fileID: 4336912856998425265, guid: 82dd7db5f6b59fa48ad085973cee600c,
        type: 3}
      propertyPath: m_LocalEulerAnglesHint.y
      value: 0
      objectReference: {fileID: 0}
    m_RemovedComponents: []
  m_SourcePrefab: {fileID: 100100000, guid: 82dd7db5f6b59fa48ad085973cee600c, type: 3}
--- !u!4 &5415673793295121609 stripped
Transform:
  m_CorrespondingSourceObject: {fileID: 4336912857129081390, guid: 82dd7db5f6b59fa48ad085973cee600c,
    type: 3}
  m_PrefabInstance: {fileID: 8576993189343241959}
  m_PrefabAsset: {fileID: 0}
--- !u!4 &993178467028778601 stripped
Transform:
  m_CorrespondingSourceObject: {fileID: 8849541731422476430, guid: 82dd7db5f6b59fa48ad085973cee600c,
    type: 3}
  m_PrefabInstance: {fileID: 8576993189343241959}
  m_PrefabAsset: {fileID: 0}
